3523 3956
1364 452 1451 523 viij
1670 449 1688 455 ⁶
1836 442 2483 502 PRAEFATio.

1368 524 1513 596 quzim
1553 518 1839 573 diffidenter
1878 519 2211 570 &infeliciter
2251 520 2599 570 attentaverint
2640 520 2784 576 initio
2823 518 2984 573 morbi

1365 595 1669 646 curationem
1698 630 1713 653 ‚
1732 588 1913 660 quantit
1931 593 2261 659 trepidatione
2287 589 2646 658 exploraverint
2668 587 2800 641 usum
2830 607 2984 642 reme-

1367 658 1561 715 diorum
1589 700 1604 724 ,
1628 678 1713 731 per
1745 658 2048 729 quotupliccs
2086 673 2244 707 mortes
2281 664 2454 728 egerint
2485 664 2790 728 experimenta
2826 699 2842 724 ‚
2886 678 2984 730 quo

1366 731 1616 803 progressu
1641 730 1840 781 tandem
1861 770 1873 787 ,
1908 726 2141 798 quibusve
2166 728 2389 796 periculis
2405 731 2743 799 cognitionem
2762 732 2984 799 ceperint

1366 802 1670 872 sequentium
1693 799 2075 850 Theorematum
2097 838 2112 862 ‚
2139 799 2503 867 Dogmatumve
2582 816 2687 868 quae
2724 798 2984 868 improvisa

1368 880 1418 923 δε
1449 872 1754 939 ίηεκρεᾶεῑα
1793 867 2157 937 experientibus
2191 869 2419 923 adsuetos
2443 837 2556 938 queg
2579 869 2663 919 disi
2702 868 2863 920 multis
2895 870 2984 921 du-

1367 942 1449 994 bia
1481 939 1581 991 visa
1618 938 1726 991 sunt
1748 976 1763 1000 ,
1781 941 1893 1007 quia
1916 955 2075 996 novar,
2100 954 2203 1007 quae
2228 936 2417 1005 pridem
2454 936 2586 1008 apud
2606 955 2776 989 omnes
2796 941 2847 990 in
2865 957 2984 993 con-

1367 1010 1533 1062 fess‘um
1559 1023 1800 1062 venerunt
1819 1047 1832 1066 ‚
1863 1010 1976 1078 quia
2001 1006 2389 1076 compertissima.

1436 1141 1477 1191 I.
1522 1140 1666 1190 Luem
1688 1156 1935 1187 veneream
1956 1134 2099 1185 morbi
2123 1137 2315 1205 speciem
2334 1137 2409 1203 effe
2421 1171 2437 1193 ,
2457 1154 2547 1205 quae
2570 1156 2649 1186 nec
2667 1156 2813 1187 errore
2831 1140 2984 1205 diaetae,

1373 1229 1454 1259 nec
1488 1211 1584 1259 ullo
1605 1224 1757 1256 rerum
1783 1208 2182 1256 non-naturalium
2208 1210 2326 1255 vitio
2336 1209 2452 1274 poffit
2474 1225 2673 1276 unquam
2688 1211 2844 1276 sponte
2858 1228 2984 1278 gene-

1376 1282 1477 1330 rari
1494 1283 1546 1328 in
1562 1274 1681 1329 Orbe
1694 1275 1861 1341 nostro,
1881 1277 1969 1344 sed
1998 1273 2064 1325 ibi
2093 1282 2250 1345 vigeat
2279 1277 2441 1341 fbmite
2470 1279 2661 1346 quodam
2689 1279 2945 1347 alienigena
2970 1316 2984 1343 ,

1375 1364 1426 1398 at
1460 1349 1652 1418 perenni
1690 1386 1702 1403 ,
1726 1344 1811 1414 seu
1836 1345 1979 1414 potuis
2013 1353 2187 1417 semper
2216 1348 2431 1394 redivivo
2453 1364 2469 1405 ·,
2495 1345 2631 1416 quod
2666 1362 2781 1398 ante
2820 1362 2984 1399 notam

1373 1418 1500 1470 luem
1522 1431 1778 1469 veneream
1819 1417 1883 1467 de
1915 1414 2046 1466 nullo
2062 1415 2158 1466 alio
2177 1414 2342 1466 morbi
2360 1431 2540 1485 genere
2561 1433 2770 1485 unquam
2788 1417 2984 1468 affirma-

1375 1504 1477 1541 tum
1508 1525 1524 1552 ,
1564 1487 1662 1537 imo
1691 1501 1783 1536 nec
1816 1488 2086 1555 cogitatum
2134 1487 2260 1552 prius
2296 1484 2483 1539 fuerat!
2506 1485 2641 1554 quod
2678 1487 2743 1537 de
2782 1486 2857 1537 luc
2890 1484 2984 1556 ips⁴a⁸

1378 1554 1584 1608 venerea
1616 1554 1834 1605 nondum
1860 1554 1998 1604 certo
2021 1554 2235 1624 liquebat
2261 1572 2394 1604 anno
2418 1554 2480 1606 ab
2508 1554 2609 1622 ejus
2631 1556 2840 1625 ingressu
2863 1553 2984 1607 sexa·

1374 1627 1586 1697 gesimo3
1616 1622 1750 1694 quod
1778 1622 1874 1690 jam
1899 1622 2088 1692 pridem
2122 1639 2423 1691 compertum
2452 1621 2521 1675 est
2551 1623 2805 1675 certiffimfi
2845 1640 2984 1694 expe-

1375 1693 1585 1753 rientiiu
1609 1690 1745 1763 quod
1770 1692 1970 1743 tandem
1995 1709 2125 1742 nunc
2158 1696 2420 1760 opinantur
2445 1693 2666 1745 nonnulli
2693 1700 2742 1743 δι
2766 1712 2875 1745 cum
2894 1696 2984 1746 Le-

1373 1763 1463 1835 pra'i
1489 1762 1708 1816 Arabum
1726 1799 1741 1824 ,
1776 1760 1990 1831 quandiu
2018 1764 2070 1811 in
2102 1759 2297 1830 Europ&
2331 1762 2534 1831 graffata
2558 1761 2626 1813 est
2645 1781 2661 1821 ,·
2690 1762 2819 1814 -olim
2861 1780 2984 1814 com·

1373 1850 1521 1885 mune
1536 1830 1672 1888 fuisse
1685 1868 1700 1893 ‚
1720 1837 1768 1884 δι
1787 1831 2047 1882 etiamnum
2073 1847 2331 1881 commune
2355 1830 2448 1882 effe
2476 1849 2584 1883 cum
2604 1829 2737 1885 Peste
2759 1821 2984 1894 Ali'aticz'i,

1376 1920 1484 1973 quae
1513 1902 1760 1970 Europam
1784 1897 2058 1954 identidem
2085 1898 2421 1970 depopulatur.

1444 2031 1524 2082 ΙΙ.
1560 2032 1776 2081 Fomitem
1797 2026 1918 2079 hunc
1942 2030 2249 2098 alienigenam
2267 2067 2284 2093 ,
2303 2048 2384 2099 quo
2415 2030 2632 2080 redivivo
2653 2032 2782 2101 viget
2802 2032 2899 2082 lues
2909 2049 2984 2083 ve·

1376 2111 1510 2156 nerea
1529 2138 1542 2158 ,
1565 2098 1620 2149 ab
1636 2102 1760 2169 agris
1780 2102 1830 2151 in
1839 2103 1976 2167 sanos
1998 2117 2086 2148 non
2107 2103 2199 2148 und
2219 2103 2414 2163 ratione,
2425 2100 2513 2167 sed
2531 2102 2669 2150 multi
2695 2104 2776 2150 tici
2795 2106 2880 2153 vid
2898 2117 2984 2152 tra·

1378 2171 1485 2227 duci
1502 2169 1610 2239 pff
1628 2207 1645 2234 ,
1666 2171 1832 2239 quoties
1857 2183 2008 2237 partes
2033 2169 2217 2232 mollem,
2234 2186 2344 2219 rara
2362 2207 2379 2234 ‚
2403 2183 2596 2239 tepentes
2615 2208 2632 2235 ‚
2654 2116 2868 2235 Zumidae,
2892 2191 2984 2221 con·

1379 2242 1505 2290 ullu
1526 2242 1686 2289 intimo
1711 2234 1767 2293 ῥ’
1789 2239 2002 2288 diuturno
2026 2239 2316 2302 concalefiunt
2330 2256 2350 2296 ,·
2385 2253 2433 2287 at
2457 2239 2564 2289 verb
2588 2254 2639 2288 ut
2669 2239 2984 2321 frequentit‘cs'

1376 2309 1438 2371 fic
1469 2308 1629 2358 cernitis
1660 2326 1891 2377 nunquam
1931 2307 2195 2374 transflandi
2232 2345 2249 2372 ,
2307 2306 2445 2375 quiam
2481 2313 2765 2375 ἆφροθισιασμὲἷ
2780 2349 2793 2368 ,
2815 2313 2868 2360 in
2913 2329 2984 2380 quc

1382 2378 1596 2448 requisttae
1614 2382 1905 2446 proprietates
1945 2390 2211 2430 concurrunt
2239 2395 2387 2426 omnes
2416 2378 2658 2445 plemffim?
2677 2398 2699 2437 ;
2736 2380 2803 2436 ita
2843 2394 2896 2435 ut
2930 2384 2984 2432 ad

1379 2445 1571 2501 verbum
1597 2442 1654 2500 ό·
1685 2449 1803 2498 citra
1826 2445 2127 2515 metaphoram
2158 2464 2321 2496 verum
2337 2447 2397 2506 sit
2412 2486 2428 2511 ,
2452 2445 2567 2517 qubd

1900 2519 1981 2581 (a)
2015 2515 2182 2574 medio
2209 2515 2273 2568 de
2308 2515 2446 2568 fonte
2478 2516 2695 2585 leporum

1722 2586 1900 2657 Surgat
1915 2589 2066 2642 amari
2092 2584 2277 2656 aliquid
2293 2626 2305 2645 ,

1382 2658 1470 2708 ima
1505 2658 1758 2721 amariffimi
1770 2694 1787 2721 ,
1824 2657 2058 2726 mortisqae
2095 2662 2222 2722 causa
2250 2653 2419 2705 ibidem
2458 2656 2707 2725 offendatur
2732 2676 2821 2707 nm
2859 2657 2984 2723 rare}¹

1384 2727 1505 2781 unde
1526 2729 1678 2776 vt'iam
1717 2725 1938 2794 auspicari
1964 2726 2146 2795 solenne
2174 2726 2312 2792 fuir,
2357 2743 2463 2796 quae
2495 2723 2636 2795 pestis
2668 2729 2795 2779 ratio
2826 2726 2984 2781 Prisci!

1382 2794 1539 2850 invisa
1560 2803 1610 2847 8e
1634 2794 1855 2847 inaudita
1890 2794 2170 2847 ePandorae
2193 2793 2377 2864 pyxide
2405 2812 2556 2864 nuper
2588 2795 2820 2849 excidiss‘e
2857 2796 2984 2849 vide⁴

1382 2881 1494 2930 tur,
1519 2882 1608 2919 ceu
1633 2863 1867 2916 residuum
1884 2864 2250 2923 crassamentum
2290 2867 2341 2915 in
2364 2863 2491 2915 hanc
2528 2865 2827 2924 noviffimam
2870 2865 2984 2919 secu«

1384 2934 1541 2989 lorum
1556 2933 1725 2989 faecem
1742 2931 2034 2984 reservatum
2050 2972 2067 2997 ,
2091 2948 2143 2986 ut
2168 2936 2611 3003 intemperantioris
2647 2933 2869 2989 libidinis
2897 2936 2984 2995 frae⁴

1384 3022 1502 3060 num
1525 3003 1642 3065 effer
1660 3041 1678 3070 ,
1710 3001 1788 3055 vel
1817 2999 2077 3073 flagellum.

1453 3143 1543 3195 111.
1563 3142 1821 3194 Seminium
1844 3142 1970 3192 illud
1992 3138 2378 3211 morbificumstve
2398 3142 2537 3196 morbi
2539 3143 2770 3213 fimitemg
2787 3134 2984 3218 quein-vi·

1417 3269 1475 3324 (a)
1498 3269 1680 3310 Lueretius
1696 3280 1712 3319 ,·
1737 3271 1793 3311 De
1804 3269 1939 3314 Nm}
1953 3283 2064 3310 mm
2077 3272 2152 3311 m.
2174 3271 2233 3320 11²,

2927 3344 2984 3381 ru
