3523 3956
926 416 1012 459 266
1205 397 2266 452 DEMORBISVENEREIS.

988 476 1013 515 6
1021 479 1058 514 ⁰.
1085 465 1236 514 Verum
1265 465 1516 524 frequentior
1537 462 1604 507 illa
1627 466 1670 507 &
1691 464 1828 506 iterata
1853 477 2162 523 praeparatorum
2182 459 2485 505 Mercurialium
2512 475 2587 505 ex-

930 530 1076 575 hibitio
1099 526 1259 572 videtur
1282 527 1322 568 in
1348 525 1434 568 dies
1455 521 1703 567 obsolescere
1724 538 1737 573 3
1763 537 1894 581 neque
1910 522 2051 578 injuria
2068 553 2082 573 ,
2099 536 2193 564 meo
2215 522 2385 580 quidem
2410 520 2587 578 judicio.

928 592 1201 650 Compertum
1223 585 1277 628 est
1297 587 1405 628 enim
1429 582 1589 627 illorum
1615 581 1892 626 remediorum
1917 579 1984 626 usu
2000 612 2012 629 ‚
2032 597 2116 625 non
2137 581 2268 625 modo
2289 580 2501 625 ventriculi
2523 595 2592 624 to·

930 665 1029 693 num
1053 645 1275 692 debilitari,
1294 642 1470 701 viresque
1490 641 1678 702 infringi,
1699 642 1810 700 quod
1823 640 1912 684 sane
1923 657 2116 702 magnum
2136 640 2214 690 est,
2226 638 2292 683 sed
2306 641 2428 683 etiam
2441 671 2455 690 ‚
2468 640 2590 700 quod

928 709 1149 752 maximum
1165 736 1178 754 ‚
1203 703 1268 748 fin
1329 705 1404 746 inis
1428 703 1686 745 acrimoniam
1709 703 1764 744 ita
1781 700 1965 750 intendi,
1988 716 2033 745 ut
2044 700 2202 750 ulcera,
2231 715 2320 759 quae
2341 700 2384 742 in
2406 715 2591 802 concff‘

931 765 1070 811 taculis
1094 763 1249 808 seminis
1295 776 1405 806 arent
1427 792 1441 811 ,
1457 760 1568 805 au&
1603 760 1666 804 san
1698 761 1802 803 uinis
1826 758 2012 818 dyscrafia
2033 790 2046 808 ‚
2077 759 2231 804 nedum
2255 758 2440 803 sanentur
2466 789 2483 809 ‚
2533 757 2587 802 ed

931 825 1170 886 maligniora
1192 821 1290 865 fiant
1314 825 1358 865 &
1388 834 1525 864 curatu
1555 819 1677 863 diffici
1695 821 1793 863 iota.
1816 819 1940 864 Certe
2004 818 2122 864 luries
2148 817 2231 888 ipse
2260 834 2305 863 ex
2337 832 2446 862 crtus
2469 816 2591 868 surn.

933 890 977 929 δι
996 899 1155 928 mecum
1184 895 1369 942 expertos
1397 878 1472 923 effe
1515 880 1698 924 Medicos
1730 894 1891 923 caeteros
1921 895 1977 922 nu
1995 878 2054 923 lus
2081 878 2247 928 dubito,
2271 894 2295 923 u
2314 895 2340 922 u
2364 878 2591 922 Mercuria-

933 944 1034 988 lium
1070 941 1185 986 caute
1211 943 1329 985 etiam
1360 938 1626 983 exhibitorum
1664 937 1862 997 dysuriam
1898 941 1981 996 jam
2009 941 2282 983 remittentem
2304 969 2319 989 ,
2349 936 2592 997 fluxumque

966 1003 1254 1048 onorrhoicum
1269 998 1517 1043 fatiscentem
1540 996 1910 1048 recruduiffe,cum
1940 997 2048 1042 nova
2065 998 2245 1042 humoris
2258 998 2461 1042 manantis
2484 999 2594 1042 viru·

951 1063 1080 1112 entia,
1104 1076 1225 1120 quam
1248 1059 1368 1103 flavus
1390 1055 1573 1102 viridisve
1595 1058 1711 1101 color
1727 1088 1740 1108 ‚
1772 1058 1966 1116 auctaque
1983 1059 2201 1102 acrimonia
2228 1056 2316 1102 satis
2336 1055 2593 1101 indicabant.

993 1130 1063 1174 7⁰.
1091 1119 1194 1165 Ideo
1218 1118 1307 1162 able
1337 1119 1412 1162 atis
1434 1148 1447 1168 ‚
1469 1116 1533 1161 vel
1564 1116 1699 1161 saltem
1725 1115 1847 1160 rarius
1871 1115 2063 1177 usurpatis
2121 1119 2316 1179 raeparatis
2339 1115 2597 1161 Mercuriali-

936 1182 1012 1225 bus
1031 1195 1101 1223 ore
1122 1135 1356 1223 exhibendis
1373 1207 1385 1224 ‚
1409 1176 1480 1221 usu
1506 1180 1585 1234 jam
1610 1190 1814 1237 receptum
1837 1176 1892 1220 est
1914 1133 2165 1220 ftistionilius
2196 1175 2501 1220 mercurialibus
2524 1190 2595 1219 ex·

936 1241 1050 1285 terne
1077 1241 1161 1287 uti,
1177 1239 1394 1298 perinaeum
1408 1267 1421 1286 ,
1452 1234 1641 1296 genitalia
1654 1266 1667 1286 ‚
1691 1234 1847 1286 clunes,
1868 1236 2036 1295 inguina
2051 1237 2090 1280 in
2112 1238 2283 1286 viris3in
2296 1234 2596 1280 foeminisnetb

936 1301 1153 1361 perinaeum
1165 1327 1177 1343 ‚
1202 1295 1358 1345 clunes,
1371 1297 1537 1355 inguina
1549 1326 1562 1345 ,
1586 1296 1764 1356 pudendi
1776 1295 1880 1339 labia
1894 1327 1907 1345 ‚
1921 1296 2006 1341 imo
2025 1294 2098 1339 nifi
2167 1293 2277 1340 avitis
2288 1296 2389 1340 inde
2403 1293 2597 1344 doleant,

936 1357 1099 1403 vulvam
1125 1355 1246 1415 ipsam
1269 1369 1481 1415 unguento
1499 1354 1579 1398 five
1601 1355 1813 1398 linimento
1841 1356 2063 1400 mercuriali
2083 1311 2167 1400 a?
2169 1357 2308 1415 ignem
2332 1353 2596 1416 inungendo.

936 1417 1079 1462 Solent
1099 1414 1308 1459 ftiffiones
1337 1412 1557 1458 istiusmodi
1579 1415 1696 1457 tertio
1716 1412 1870 1458 tanturn
1902 1414 1964 1458 vel
1990 1429 2135 1475 quarto
2157 1430 2324 1475 quoque
2348 1415 2418 1458 die
2440 1417 2598 1474 repeti,

936 1474 1115 1522 adhibita
1137 1475 1341 1518 dumtaxat
1362 1472 1440 1518 una
1458 1472 1522 1518 vel
1552 1471 1670 1516 altera
1688 1488 1741 1515 un
1786 1474 1883 1517 ienti
1897 1473 2083 1518 drachma
2097 1504 2110 1521 ‚
2131 1490 2184 1518 ne
2205 1473 2327 1518 illitus
2339 1471 2598 1533 frequentior

937 1550 1007 1580 aut
1025 1551 1118 1579 cum
1143 1536 1295 1591 majore
1326 1533 1520 1593 unguenti
1540 1529 1627 1575 dofi
1679 1547 1743 1587 tya
1761 1530 1900 1575 ismum
1920 1535 2107 1577 concitet.
2129 1531 2310 1577 Demiim
2333 1547 2382 1576 ut
2393 1548 2450 1576 un
2512 1531 2598 1578 enti

936 1595 1116 1654 reliquiae
1141 1594 1221 1637 cuti
1237 1592 1486 1641 adhaereant‚
1505 1593 1638 1635 necin
1670 1589 1753 1634 ufio
1771 1592 2042 1652 abstergantur
2056 1623 2071 1644 ,
2093 1591 2323 1637 inducenda
2346 1591 2440 1636 sunt

864 1666 872 1675 ¹
938 1655 1035 1699 ralia
1045 1684 1059 1704 ‚
1078 1668 1167 1712 quae
1188 1667 1279 1696 toto
1296 1652 1511 1695 curationis
1529 1665 1610 1694 tem
1642 1666 1712 1694 ore
1724 1651 1936 1710 gestentur.

1001 1722 1051 1762 80
1080 1715 1134 1755 Ea
1159 1712 1249 1755 sane
1275 1709 1491 1754 methodus
1509 1714 1552 1753 δε
1570 1728 1590 1765 ς
1625 1726 1704 1753 cax
1724 1710 1856 1756 εἱὶ,8(,
1875 1709 2082 1754 commoda.
2103 1710 2253 1767 Efficax
2273 1709 2449 1771 quidem
2463 1740 2477 1758 ‚
2502 1710 2599 1770 quia

939 1773 1067 1816 atomi
1093 1767 1344 1814 mercuriales
1364 1771 1403 1812 in
1440 1771 1539 1812 cutis
1557 1767 1770 1830 spiracula,
1795 1770 1835 1812 in
1851 1767 1939 1813 vala
1960 1769 2201 1831 lymphatica
2227 1770 2250 1813 a
2282 1785 2375 1814 cute
2397 1768 2600 1817 oriunda.

936 1834 979 1876 in
1005 1829 1133 1891 ipsimi
1162 1828 1329 1873 demum
1366 1826 1596 1871 affectarum
1620 1829 1791 1889 partium
1824 1843 2056 1873 contextum
2078 1827 2182 1873 illitu
2214 1827 2356 1874 senfim
2389 1827 2601 1873 insmuatae

937 1887 1160 1935 corrofivas
1182 1889 1360 1948 contagii
1385 1890 1543 1931 venerei
1562 1887 1771 1948 particulas
1794 1918 1808 1937 ,
1833 1887 1978 1947 quibus
2007 1888 2173 1933 morbus
2192 1889 2398 1934 inducitur
2421 1919 2436 1936 ‚
2468 1886 2605 1932 effica-

941 1950 1038 1993 citer
1062 1950 1287 2007 impetunt,
1313 1945 1541 2007 infringunt
1553 1978 1567 1996 ‚
1589 1947 1796 1991 destruunt
1812 1949 2036 1991 :Commoda
2054 1949 2151 1993 verb
2165 1980 2179 2000 ‚
2197 1950 2293 2010 quia
2314 1947 2472 1992 eaedem
2491 1963 2602 1991 mer-

942 2007 1105 2052 curiales
1133 2009 1259 2051 atomi
1283 2005 1403 2050 illinis
1427 2023 1506 2066 ope
1527 2037 1539 2056 ‚
1568 2005 1632 2050 via
1655 2006 1929 2052 breviffima&
1948 2005 2031 2051 fine
2054 2007 2131 2052 ulla
2151 2007 2363 2052 ventriculi
2397 2006 2530 2057 noxa,
2546 2006 2603 2052 ad

940 2082 1070 2128 partes
1087 2064 1363 2114 deducuntur,
1384 2065 1451 2109 ubi
1478 2065 1573 2110 latet
1593 2064 1801 2109 seminium
1817 2082 2033 2111 venereum
2051 2098 2064 2116 ‚
2122 2068 2206 2113 uod
2233 2083 2424 2112 neutrum
2448 2083 2605 2112 conve-

939 2128 1000 2176 nit
1022 2127 1245 2188 praeparatis
1266 2125 1567 2170 Mercurialibus
1589 2125 1746 2169 interne
1779 2124 1941 2186 sumptis
1959 2157 1973 2175 ,
1992 2125 2054 2170 vel
2071 2125 2108 2171 {a
2125 2142 2205 2171 tem
2236 2127 2370 2171 minus
2386 2128 2603 2180 convenit.

1004 2195 1075 2240 9⁰.
1100 2185 1228 2241 Qod
1252 2183 1280 2228 fi
1299 2184 1527 2246 ptyalismus
1557 2185 1737 2229 videatur
1755 2183 1850 2228 inde
1876 2184 2008 2230 forsan
2039 2188 2252 2231 imminere
2272 2216 2286 2234 ‚
2304 2186 2490 2232 adhibita
2518 2185 2604 2233 leni

940 2243 1104 2290 catharsi
1126 2261 1218 2288 cum
1232 2245 1377 2288 mannii
1397 2243 1461 2287 vel
1487 2242 1598 2288 callia
1617 2246 1658 2287 in
1689 2242 1776 2287 sero
1798 2242 1907 2288 laffis
1928 2259 1996 2289 aut
2021 2245 2170 2307 ptisana
2187 2277 2202 2297 ,
2219 2245 2412 2307 fiipptimi
2441 2247 2571 2292 debet
2586 2278 2602 2299 ,

943 2319 1157 2364 antequam
1179 2303 1390 2348 invalescat
1406 2319 1418 2352 ς
1432 2319 1478 2347 ac
1494 2302 1629 2363 posteri
1647 2303 1778 2347 eidem
1793 2304 1992 2349 methodo
2003 2335 2014 2355 ,
2039 2305 2103 2349 sed
2120 2306 2278 2349 minore
2294 2308 2502 2367 unguenti
2513 2305 2602 2352 dofi

940 2368 985 2408 δε
1009 2363 1195 2424 longiore
1217 2360 1449 2406 fridiciouum
1472 2360 1684 2406 intervallo
1705 2363 1844 2407 denuo
1864 2362 2121 2409 insistendum
2136 2366 2192 2408 est
2216 2381 2288 2425 per
2306 2364 2408 2409 duas
2428 2381 2502 2410 aut
2519 2381 2601 2410 tres

938 2421 1238 2468 hebdomadas,
1258 2422 1322 2466 vel
1343 2437 1414 2483 per
1435 2421 1612 2465 mensem
1636 2437 1763 2465 unum
1776 2452 1789 2471 ‚
1816 2422 1951 2466 donec
1973 2422 2141 2467 (eminio
2153 2439 2326 2468 venereo
2343 2425 2513 2486 penitus
2524 2424 2598 2470 de·

944 2480 1092 2526 bellato
1107 2497 1174 2526 aut
1189 2481 1418 2530 eliminato,
1464 2480 1680 2524 onorrhoea
1698 2482 1863 2525 tandem
1884 2480 2060 2542 perscore
2078 2498 2250 2528 curetur.

1007 2551 1099 2585 100.
1124 2541 1249 2585 Porro
1275 2543 1316 2584 in
1340 2540 1432 2585 adhi
1464 2540 1565 2584 enda
1588 2538 1633 2584 ea
1644 2538 1847 2600 therapeia
1871 2541 2095 2586 cavendum
2117 2543 2172 2587 est
2195 2572 2209 2590 ‚
2238 2538 2473 2602 fifrigidior
2492 2557 2597 2588 tem-

938 2601 1062 2662 pestas
1087 2600 1228 2651 fuerit,
1255 2614 1300 2644 ut
1328 2616 1434 2660 aeger
1455 2598 1569 2643 domi
1589 2603 1636 2644 &
1656 2598 1842 2644 cubiculo
1866 2598 1943 2645 sese
1970 2603 2206 2653 contineat,
2229 2600 2414 2662 quandiu
2442 2600 2596 2647 friffio·

941 2661 1058 2703 nibus
1076 2675 1233 2711 utetur,
1255 2676 1348 2703 nam
1368 2660 1589 2703 Mercurius
1602 2690 1615 2709 ,
1629 2658 1812 2720 sanguini
1840 2676 1913 2720 per
1926 2660 2071 2705 illitum
2084 2659 2234 2706 infusus
2250 2691 2263 2711 ,
2282 2661 2504 2722 diapnoem
2524 2678 2596 2707 au-

938 2734 1030 2779 get,
1059 2734 1103 2762 ut
1127 2720 1178 2763 de
1202 2733 1512 2780 praeparatorum
1535 2719 1602 2762 usu
1627 2719 1755 2763 modo
1769 2719 2020 2768 dicebamus,
2067 2720 2165 2765 uaefi
2181 2720 2404 2783 frigidioris
2418 2723 2522 2766 airis
2535 2734 2597 2767 at·

937 2780 1044 2822 taeta
1068 2780 1190 2821 iurem
1221 2778 1337 2823 estive
1365 2780 1667 2841 reprimeretur,
1685 2778 1905 2841 periculum
1925 2778 2036 2825 inde·
2064 2796 2179 2831 oret,
2201 2797 2253 2825 ne
2276 2781 2408 2841 gravis
2425 2780 2597 2835 decubie

936 2851 999 2880 tus
1017 2835 1154 2896 aliquo
1205 2852 1302 2882 eret.

999 2912 1013 2939 1
1029 2912 1042 2938 1
1056 2904 1092 2939 Φ.
1113 2894 1224 2940 Dum
1251 2895 1456 2940 friffiones
1480 2895 1554 2940 illa:
1586 2897 1831 2943 adhibentur
1856 2929 1869 2949 ,
1892 2915 1978 2943 non
2010 2901 2238 2945 omittenda
2258 2916 2400 2946 caetera
2422 2900 2594 2945 auxilio-

931 2971 1020 3000 rum
1044 2972 1194 3016 genera
1212 2987 1226 3007 ,
1250 2972 1340 3016 quae
1361 2955 1413 2998 ad
1438 2956 1622 3021 reliquias
1654 2958 1982 3003 inflammationis
2015 2960 2396 3022 conceptaculorum
2429 2961 2594 3005 seminis

929 3014 1187 3060 retblvendas
1203 3046 1216 3063 ‚
1237 3015 1264 3058 fi
1289 3031 1378 3075 quae
1401 3014 1589 3077 superlmt
1606 3032 1719 3076 3qua’
1743 3019 1794 3062 ad
1817 3018 2067 3077 detergenda
2088 3020 2241 3071 ulcera;
2259 3036 2352 3080 quae
2366 3021 2419 3066 ad
2434 3019 2594 3066 demul-

930 3076 1103 3119 cendam
1133 3075 1331 3137 {anguinis
1355 3077 1615 3120 acrimoniam
1638 3077 1751 3122 utilia
1782 3077 1900 3129 sunt;
1923 3067 1990 3124 fed
2014 3079 2036 3123 ὲ
2062 3079 2199 3124 contra
2226 3080 2279 3124 eo
2313 3084 2470 3140 majore
2502 3078 2594 3124 dili-

930 3135 1066 3194 gentia
1088 3138 1141 3180 ab
1167 3150 1387 3197 aegrotante
1408 3135 1658 3185 adhibenda,
1680 3137 1797 3198 quod
1828 3141 1911 3198 jam
1931 3139 1984 3184 ab
2005 3142 2171 3186 interno
2190 3139 2497 3186 Mercurialium
2521 3136 2591 3185 ufir

932 3208 1027 3237 vace
1032 3207 1061 3237 ῐ.
