3523 3956
706 2270 786 2308 ιλιι
796 2269 852 2313 Hs,
861 2269 922 2319 qui

703 2318 875 2357 diarrhoea

702 2367 869 2407 habituali

700 2417 875 2458 laborant·

963 436 1049 484 462
1244 429 1348 471 DE
1408 427 1763 471 MORBIS
1822 425 2306 471 VENEREr-s,

961 490 1026 534 vel
1052 489 1169 532 status
1182 487 1235 531 ad
1247 485 1474 545 semborum
1501 483 1706 529 manifeste
1726 484 1918 529 inclinans
1930 515 1942 534 ,
1959 501 2044 527 uno
2059 500 2128 528 aut
2143 484 2271 528 altero
2290 498 2393 531 anre
2422 501 2617 549 prepara-

962 549 1163 593 rationem
1195 544 1327 589 mense
1346 544 1544 605 sanguinis
1562 544 1755 602 dyscraliae
1775 549 1819 589 δε
1833 546 2090 605 gingivarum
2110 545 2319 606 putredini
2356 546 2502 592 sedule>
2534 566 2613 594 me-

963 608 1148 652 dendum
1168 605 1221 649 est
1237 604 1272 649 se
1304 607 1416 647 uenti
1433 603 1647 647 methodo.

1021 666 1236 711 Utendum
1250 622 1305 707 ea
1326 671 1387 708 1⁰,-
1411 661 1602 723 Jusculis‚
1625 664 1871 723 apozernatis
1887 693 1899 712 ,
1933 660 2082 722 ptisana
2115 677 2163 705 ex
2192 662 2376 709 decoc'tis
2413 664 2612 712 radicibus

964 722 1597 783 herbifiqueanti-storburicis·,v.
1616 737 1655 780 g.
1688 719 2187 782 radicibuspolypodii,la
2216 722 2301 766 athi
2333 722 2543 772 filvestris,
2561 726 2614 769 la-

952 808 957 814 ·
993 785 1077 830 athi
1097 783 1267 843 aquatici
1281 812 1294 832 ,
1312 779 1576 825 aristolochiae
1594 780 1777 823 rotundae
1791 810 1804 829 ,
1819 782 1898 830 ari,
1921 780 2059 841 lepidii
2079 809 2094 826 ‚
2117 795 2188 840 rap
2218 783 2286 826 ani
2323 783 2515 827 rusticani
2540 790 2612 830 &c-

960 803 1072 890 fenis
1085 840 1317 885 cochleariae
1331 871 1344 890 ,
1364 841 1588 884 armoraciae
1598 870 1612 888 ,
1624 839 1800 891 nasturtii
1810 841 1979 900 aquatici
1989 871 2003 891 ,
2022 838 2203 882 becabun
2278 872 2291 890 ‚
2306 841 2472 886 hedera:
2485 842 2614 888 terrei:

960 906 1029 948 tris
1052 933 1065 953 ,
1087 899 1247 962 lupuli,
1269 899 1394 944 salviae
1411 929 1424 947 ‚
1447 900 1691 959 argentine,
1714 913 1838 942 etucae
1857 928 1872 948 ,
1898 900 1978 958 apii
1993 898 2015 950 ',
2046 897 2195 942 chama:
2227 914 2321 958 ryos
2344 931 2358 952 ‚
2398 901 2611 965 chama’pi-

959 977 1054 1022 tyos
1074 965 1153 1005 δίε.
2150 964 2157 970 ’

1026 1029 1093 1065 2⁰.
1124 1017 1230 1064 Bolis
1250 1031 1320 1061 aut
1337 1017 1480 1077 opiatis
1508 1031 1553 1059 ex
1573 1015 1763 1059 remediis
1794 1015 1973 1074 ejusdem
2005 1014 2189 1062 fimilisve
2221 1016 2410 1062 efficaciae
2438 1049 2453 1069 ‚
2487 1020 2612 1078 qualia

959 1078 1049 1125 sunt
1071 1094 1209 1123 cortex
1226 1078 1491 1122 Winteranus
1512 1072 1590 1117 five
1610 1073 1763 1117 canella
1781 1075 1891 1122 alba,
1913 1091 2099 1136 gannana
2129 1078 2203 1120 eris
2223 1075 2307 1120 live
2328 1093 2473 1122 cortex
2498 1081 2611 1123 Peru·

961 1141 1104 1185 vianus
1118 1168 1130 1184 ‚
1150 1134 1372 1181 schacariua
1395 1165 1409 1183 ,
1428 1131 1566 1177 faecula
1586 1133 1727 1177 radicis
1750 1136 1806 1177 ari
1827 1165 1841 1185 ,
1877 1134 2013 1177 semen
2041 1151 2094 1177 na
2156 1137 2220 1179 rtii
2241 1167 2255 1186 ,
2292 1151 2441 1180 crocus
2475 1138 2609 1184 Martis

958 1200 1163 1259 aperiens,
1179 1210 1316 1240 caetera
1346 1209 1396 1237 ue
1410 1190 1602 1237 matrialia
1618 1222 1631 1242 ,
1649 1193 1916 1238 antimonium
1932 1192 2254 1254 diaphoreticum
2265 1225 2282 1245 ‚
2295 1195 2480 1256 aethiops
2490 1198 2610 1242 mine·

960 1256 1080 1306 ralis,
1102 1254 1191 1299 salia
1204 1252 1329 1298 volari
1348 1254 1384 1295 ‘a
1403 1253 1541 1295 omnia
1561 1255 1640 1295 &c.
1899 1255 1922 1277 ’θ

1027 1324 1090 1370 3⁰.
1111 1316 1238 1374 Aquis
1256 1310 1511 1355 mineralibus
1535 1310 1776 1368 chalybeatis
1792 1342 1805 1362 ‚
1819 1327 1906 1372 qnae
1920 1309 2119 1372 sanguinis
2140 1315 2315 1359 muriam
2327 1310 2489 1363 eluant,
2502 1316 2606 1360 &vi-

958 1373 1103 1420 tiosam
1118 1372 1322 1420 ctaffitiem
1342 1371 1558 1414 emendent
1576 1398 1589 1418 ,
1611 1368 1750 1429 quales
1773 1368 1863 1415 sunt
1880 1373 1934 1413 les
1954 1376 2073 1417 Eaux
2098 1372 2146 1415 de
2169 1378 2309 1435 forges
2321 1402 2336 1422 ,
2350 1371 2402 1415 de
2421 1375 2602 1437 Paffy,h

959 1437 1153 1494 Pougues,
1178 1432 1224 1475 de
1241 1435 1340 1491 Spa.
1359 1429 1407 1472 de
1430 1430 1640 1485 Caransac',
1659 1428 1707 1471 de
1725 1433 1815 1473 Vals
1836 1435 1913 1475 &a

977 1488 983 1496 '
1019 1500 1090 1545 4⁰.
1115 1493 1234 1535 LaCte
1255 1488 1407 1533 asinino
1420 1486 1484 1532 vel
1508 1486 1673 1548 caprino
1692 1486 1866 1536 sincero,
1880 1504 1947 1533 aut
1963 1491 2127 1536 vaccino
2139 1508 2231 1540 eum
2249 1490 2406 1536 addito
2419 1490 2601 1554 adaquas

959 1551 1022 1595 vel
1036 1552 1088 1595 ad
1102 1552 1235 1594 tertias
1280 1562 1380 1593 artes
1400 1548 1571 1592 decocto
1593 1546 1693 1607 ligni
1719 1546 1839 1593 finsti
1856 1579 1870 1598 ‚
1889 1547 2009 1593 semel
2025 1552 2071 1594 in
2095 1550 2162 1595 die
2180 1581 2197 1602 ‚
2217 1552 2344 1597 mane
2380 1548 2524 1597 scilicet
2539 1558 2598 1612 je·

956 1614 1059 1669 juno
1072 1566 1295 1653 ventricui'o
1318 1624 1330 1658 ς
1351 1606 1415 1652 vel
1439 1606 1498 1650 bis
1512 1636 1527 1656 ,
1553 1621 1702 1667 nempe
1717 1622 1837 1652 mane
1860 1613 1902 1652 ὅ(
1920 1607 2018 1653 stro.

1022 1678 1088 1727 5⁰.
1117 1670 1169 1712 Gi
1227 1670 1300 1712 ivae
1318 1679 1453 1728 putres
1466 1698 1478 1716 ,
1498 1663 1654 1710 rescistis
1676 1665 1787 1726 priris
1805 1665 2198 1728 fungis‚fiquifint,
2211 1668 2492 1716 &scatifimtffl
2513 1668 2598 1714 fun·

958 1744 1109 1789 gotum
1131 1727 1181 1772 ba
1197 1745 1233 1778 1,
1257 1725 1464 1772 Lanfranci
1482 1723 1671 1780 collyrio,
1691 1725 1757 1770 vel
1784 1726 1918 1787 spiritu
1941 1727 2025 1771 salis
2048 1726 2188 1771 leviter
2214 1727 2461 1776 imbuenda
2484 1731 2565 1775 sunt
2581 1758 2595 1778 ι

989 1788 1043 1832 uo
1063 1787 1265 1849 putredini
1283 1799 1522 1830 occurratur.
1554 1784 1714 1829 Deinde
1734 1785 2116 1846 gargarizationibus
2133 1785 2212 1830 five
2240 1786 2478 1834 lotionibus
2503 1791 2597 1833 anti·

954 1804 1186 1891 zorbuticis
1209 1844 1476 1907 abstergenda:
1494 1842 1606 1893 sunt,
1628 1859 1714 1903 quae
1733 1852 1920 1904 parantur
1942 1861 1990 1890 ex
2002 1846 2105 1906 aqui
2118 1847 2209 1888 vita‘.
2228 1862 2326 1891 cnm
2339 1849 2602 1893 additiscam·

958 1906 1088 1965 phora
1101 1935 1114 1953 ‚
1136 1905 1315 1950 saccharo
1338 1903 1516 1948 candido
1529 1906 1573 1946 &
1587 1901 1765 1947 alumine
1785 1919 1828 1947 ru
1863 1921 1913 1948 co
1928 1905 2015 1957 ;vel
2036 1920 2083 1947 ex
2097 1906 2277 1949 decoctis
2301 1908 2494 1952 radicum
2521 1906 2601 1952 atil2

956 1964 1145 2009 tolochiae
1168 1964 1350 2009 rotundae
1386 1977 1454 2006 aut
1471 1961 1643 2006 bistortae
1663 1992 1677 2012 ,
1702 1919 1955 2007 strobissrum
1984 1964 2071 2024 pini
2102 1993 2115 2014 ,
2142 1964 2307 2010 corticis
2329 1969 2600 2011 aurantiotum

955 2039 1185 2068 amarorum
1199 2055 1213 2074 ‚
1235 2023 1431 2068 foliorum
1452 2026 1496 2066 δε
1516 2018 1721 2066 frustulum
1733 2020 1895 2070 sumach
1912 2053 1930 2075 ,
1952 2039 2045 2066 cum
2070 2022 2212 2067 addito
2235 2021 2384 2084 spiritu
2395 2028 2481 2070 vini
2504 2043 2601 2071 cam·

956 2083 1132 2145 phorato
1157 2088 1201 2128 &
1220 2083 1396 2127 alumine
1409 2095 1538 2142 rupeo
1556 2082 1608 2125 ad
1631 2080 1657 2123 {I
1679 2097 1729 2183 qb

1020 2151 1089 2186 6⁰.
1112 2143 1296 2203 Mitigatii
1321 2145 1368 2186 iis
1395 2140 1583 2184 remediis
1608 2155 1701 2183 mor
1730 2142 1743 2183 i
1768 2138 1943 2188 ferocia,
1964 2143 2077 2201 quod
2092 2143 2148 2186 ad
2162 2155 2307 2186 caerera
2347 2144 2598 2189 adhibebitur

955 2201 1127 2262 vulgaris
1147 2204 1379 2262 praeparatio
1404 2201 1454 2243 ad
1471 2198 1803 2259 hydrargyrofim.

1019 2266 1053 2304 V
1068 2264 1098 2304 1.
1121 2262 1316 2311 Dcmtim,
1328 2260 1355 2304 fi
1371 2259 1611 2319 syphiliticus
1623 2259 1817 2307 diarrhoea
1832 2258 2055 2304 detineatur
2075 2263 2309 2306 contumaci
2330 2266 2379 2306 δε
2404 2261 2598 2312 habituali,

955 2319 1111 2380 aliquot
1127 2335 1220 2363 ante
1231 2318 1549 2379 hydrargyrofim
1568 2316 1766 2361 mensibus
1781 2317 2046 2363 laborandum
2062 2322 2139 2371 est,
2159 2336 2203 2365 ut
2230 2321 2406 2365 morbus
2422 2337 2597 2372 curetur,

955 2379 1018 2424 vel
1046 2379 1183 2423 (altem
1205 2381 1420 2439 mitigetur.

1016 2440 1075 2483 Eo
1094 2437 1178 2482 fine
1208 2449 1270 2481 ιο.
1295 2441 1414 2496 AEger
1429 2435 1651 2480 identidem
1693 2434 1896 2496 urgandus
1913 2438 1968 2480 est
1985 2454 2077 2481 cum
2106 2438 2310 2483 catholico
2341 2455 2423 2500 pro
2446 2455 2520 2484 ore
2548 2438 2596 2485 ad

957 2506 980 2560 3
995 2502 1023 2558 j.
1044 2496 1105 2542 vel
1143 2499 1192 2555 ij.
1213 2512 1282 2541 aur
1311 2496 1454 2556 syrupo
1475 2495 1684 2555 magistrai
1716 2496 1766 2537 ad
1796 2504 1815 2554 ξ
1830 2499 1856 2552 j.
1873 2495 1897 2538 13
1930 2496 1993 2539 vel
2012 2499 2098 2557 gij.

1017 2567 1085 2601 ιο.
1111 2558 1190 2601 Pro
1212 2556 1308 2599 noril
1325 2555 1528 2599 diarrhoeae
1549 2556 1661 2598 caus&
1689 2554 1862 2598 remedia
1889 2555 2118 2600 adhibenda
2148 2555 2239 2601 sunt
2261 2559 2376 2602 varia
2400 2588 2416 2609 ,
2457 2573 2596 2618 nempe

951 2633 1064 2678 esquae
1077 2616 1289 2660 minerales
1302 2618 1376 2658 For
1407 2613 1543 2670 enses(
1549 2614 1597 2655 de
1618 2616 1776 2672 forges)
1790 2629 1866 2673 pro
1881 2629 1979 2674 potu
1995 2617 2198 2659 ordinario
2209 2646 2221 2662 ,
2237 2614 2265 2659 fi
2276 2617 2299 2659 :l
2322 2616 2408 2661 bile
2424 2620 2592 2666 acriore3

949 2676 1080 2738 pulvis
1094 2677 1253 2719 corticis
1271 2674 1369 2719 brafi
1389 2676 1469 2718 iani
1493 2672 1572 2719 five
1592 2673 1632 2716 hi
1666 2675 1897 2716 ecacuanhae
1919 2674 1969 2716 ad
1983 2691 2043 2733 gr.
2063 2690 2111 2718 xx
2135 2706 2149 2725 ‚
2179 2691 2280 2725 xxv,
2319 2677 2388 2720 vel
2411 2692 2485 2720 xxx
2498 2706 2511 2723 ‚
2533 2674 2558 2719 fi
2575 2675 2598 2719 ὲ

955 2731 1098 2795 pituita
1118 2735 1241 2778 vitrezi
1256 2764 1268 2781 .
1285 2734 1562 2782 mordicante3
1585 2689 1712 2792 puivis
1733 2732 1975 2776 Simaroubae
1991 2734 2042 2777 ad
2062 2750 2119 2794 gr.
2143 2750 2200 2777 xx
2229 2764 2242 2781 ‚
2285 2736 2332 2778 in
2363 2736 2566 2780 substantia
2580 2763 2598 2787 ‚

961 2792 1027 2837 vel
1048 2793 1101 2837 ad
1121 2802 1143 2838 3
1165 2793 1191 2836 ὅ
1206 2824 1219 2843 ,
1239 2795 1281 2836 in
1294 2792 1465 2836 decod'to
1479 2823 1492 2842 ,
1513 2790 1542 2834 fi
1567 2791 1591 2835 a
1610 2789 1695 2835 sero
1716 2789 1812 2834 salso
1834 2793 1996 2848 morbus
2012 2794 2063 2836 de
2093 2795 2253 2836 endeat.

1017 2867 1036 2906 3
1050 2854 1071 2879 ⁰
1083 2884 1095 2895 .
1110 2852 1307 2897 Exhausto
1321 2851 1382 2896 vel
1401 2853 1589 2912 mitigato
1602 2851 1733 2894 morbi
1745 2848 1887 2895 fomite
1900 2882 1913 2901 ‚
1925 2847 1977 2896 ad
1998 2851 2048 2895 ab
2065 2852 2249 2896 orbe-ntia
2272 2855 2562 2899 recurrendum
2579 2882 2595 2904 .

951 2911 1057 2958 inter
1072 2927 1161 2971 qua:
1247 2910 1387 2956 tiffima
1408 2909 1496 2954 fiint
1523 2909 1682 2954 corallia
1707 2909 1824 2954 rubra
1841 2926 2057 2971 praeparata
2079 2942 2092 2961 ,
2132 2927 2238 2955 creta
2260 2911 2565 2973 Brianqonenfis
2585 2942 2600 2962 ‚

952 2985 1057 3016 tetra
1097 2969 1185 3033 figil
1204 2987 1265 3015 ara
1287 3001 1299 3017 ,
1332 2969 1430 3031 lapis
1457 2969 1677 3013 haematites
1703 2999 1714 3019 ‚
1743 2984 1844 3013 terra
1869 2972 2066 3033 japonica
2094 2970 2170 3014 five
2202 2972 2394 3017 Catechu
2415 3004 2431 3024 ,
2473 2986 2602 3016 crocm

953 3032 1098 3079 Martis
1135 3031 1353 3091 astringens
1378 3059 1390 3077 .
1426 3046 1554 3074 cornu
1586 3032 1691 3073 cervi
1713 3030 1840 3093 usttgm
1868 3061 1880 3080 ,
1901 3031 2155 3077 malicorii-m
2178 3060 2191 3079 ,
2218 3030 2412 3076 balaustia
2437 3064 2452 3082 ,
2470 3031 2600 3093 gallae,

949 3092 1141 3135 conserva
1169 3090 1346 3135 rosarum
1367 3120 1380 3138 ‚
1411 3090 1517 3132 miva
1560 3090 1829 3146 cydoniorum
1851 3122 1866 3140 ,
1898 3089 2071 3134 theriaca
2098 3122 2110 3140 ,
2147 3089 2425 3135 diascordium
2462 3088 2602 3135 fracass

949 3152 1045 3194 torii
1071 3181 1084 3200 ,
1108 3149 1268 3211 syrupus
1294 3152 1345 3195 de
1371 3148 1467 3194 tofis
1503 3147 1609 3193 siccis
1635 3180 1650 3201 ‚
1680 3149 1922 3194 corallomrn
1941 3180 1954 3200 ,
1988 3149 2053 3194 vel
2078 3150 2353 3208 cydoniorum
2386 3157 2471 3195 &c.
2501 3153 2602 3212 opia-

942 3211 1028 3315 ⁴{ica
1066 3225 1211 3315 {mnu
1240 3215 1317 3258 &c-
1360 3226 1408 3256 cx
1433 3208 1579 3272 quibus
1625 3210 1814 3278 pulveres
1832 3242 1851 3264 ‚
1903 3212 2059 3276 opiatas
2084 3241 2099 3261 ,
2142 3209 2263 3254 bolos
2312 3210 2525 3257 conficere
2561 3207 2612 3255 fa-

999 3284 1023 3314 e
1042 3283 1065 3312 e
