3523 3956
971 433 1058 483 416
1249 431 1354 472 DE
1411 427 1763 472 MORBIS
1821 425 2309 479 VENEREl-S.
2494 475 2499 480 ,

1034 485 1251 537 Caeterum,
1266 487 1360 532 licet
1373 486 1533 547 aequalis
1546 485 1755 545 similisque
1772 483 1874 529 succi
1890 485 2121 529 medullaris
2132 482 2304 529 infectio
2318 486 2360 528 in
2380 481 2534 529 ombus
2550 482 2617 531 Γιι-

1003 548 1080 592 ulis
1101 547 1343 608 supponatur
1358 578 1370 597 ,
1398 561 1533 590 tamtn
1555 545 1738 605 quadam
1769 542 1902 588 futura
1925 552 2015 588 unt
2038 545 2145 593 ona,
2170 550 2212 589 &
2237 547 2277 587 in
2300 544 2449 589 iisdem
2482 545 2618 590 ostibus

972 563 1064 652 soca
1086 607 1270 666 quaedam
1285 636 1297 654 ,
1321 622 1410 667 quae
1425 607 1575 649 caeteris
1597 604 1712 648 citius
1727 604 1984 647 tentabuntur
2011 603 2201 652 ‹xostofi‚
2238 614 2291 646 ιο.
2320 606 2494 665 Nempe
2520 621 2621 664 quae·

972 682 1136 726 cunque
1158 664 1301 726 frigori
1321 681 1486 709 externo
1497 666 1624 724 magis
1638 662 1795 718 objecta
1814 662 1904 706 sunt
1917 694 1930 712 ,
1953 667 1995 707 δι
2015 665 2058 706 in
2071 662 2215 722 quibus
2238 665 2418 722 poinde
2458 664 2624 724 :nspit‘h-

973 727 1100 775 tioni‚
1127 741 1251 784 quam
1272 723 1449 768 medulla
1464 723 1487 767 εὶ
1507 739 1671 767 veneno
1684 726 1766 781 jam
1784 722 1933 771 habet,
1948 723 2104 765 accedit
2125 727 2168 765 δε
2200 723 2326 765 altera
2342 752 2354 769 ‚
2373 739 2414 782 φ
2432 739 2467 766 ae
2493 723 2625 783 frigori

973 785 1153 829 debetur.
1176 783 1278 827 lude
1291 785 1359 833 est,
1373 783 1487 843 quod
1505 780 1700 825 exostoses
1714 779 2034 840 frequentissimae
2054 780 2130 824 lint
2145 784 2182 822 in
2203 785 2328 825 don-10
2358 785 2565 842 utrimque
2579 785 2626 826 ri-

972 843 1047 888 biae
1057 873 1070 891 ‚
1083 847 1126 887 δε
1138 845 1180 887 in
1196 842 1278 887 offe
1291 842 1454 886 frontali
1466 840 1544 885 five
1564 841 1757 890 coronali,
1770 842 1812 883 in
1823 840 1915 884 ulna
1928 845 1970 884 &
1980 842 2021 884 in
2035 854 2214 884 extremo
2227 841 2387 891 cubito,
2397 846 2482 886 διε.
2503 857 2627 901 quan·-

974 904 1032 948 do
1062 902 1200 947 uidem
1213 918 1262 946 ea
1281 902 1421 945 offiurn
1443 900 1532 944 loca
1547 899 1628 944 soli
1641 914 1732 943 cute
1745 913 2031 960 conteguntur.
2066 908 2132 942 2⁰.
2156 904 2431 962 Qoecunque
2460 902 2539 944 ictu
2566 900 2626 945 vel

975 919 1061 1006 mg
1073 962 1401 1011 contunduntur,
1417 961 1611 1019 quoniam
1624 958 1807 1002 violento
1832 958 2080 1002 lamellatum
2104 958 2306 1004 oss'earum
2333 962 2479 1004 attritu
2512 959 2628 1004 decu-

973 1020 1081 1065 bitus
1101 1020 1288 1065 medullae
1311 1020 1513 1064 virulentae
1527 1020 1571 1061 in
1596 1016 1736 1062 affieri
1753 1031 1868 1078 parte
1888 1032 2123 1079 procuratur
2136 1047 2150 1065 ‚
2172 1018 2282 1062 unde
2294 1019 2511 1064 citalabes
2533 1018 2628 1064 infc-

974 1080 1100 1125 renda
1112 1081 1168 1123 cst
1183 1078 1275 1123 offis
1286 1080 1520 1139 integritati.

727 1159 779 1197 ῃ,
808 1159 949 1210 Hyper,
1036 1143 1093 1183 11.
1118 1138 1362 1202 Hyperostofis
1377 1168 1388 1184 ,
1411 1151 1456 1181 ut
1477 1152 1562 1180 vox
1582 1136 1719 1180 Graece
1737 1135 1933 1197 fignificat
1954 1167 1967 1186 ,
1988 1151 2126 1180 tumor
2163 1135 2221 1180 est
2254 1135 2416 1181 offium-
2443 1135 2628 1199 spongio-

728 1206 862 1248 estofis.
946 1198 957 1210 ‘
976 1198 1110 1243 sorum
1135 1228 1148 1248 ‚
1172 1214 1262 1257 quae
1285 1200 1341 1241 ita
1354 1197 1541 1240 inflantur
1556 1226 1568 1244 ‚
1583 1211 1629 1240 ut
1639 1212 1728 1256 pars
1740 1196 1860 1240 altera
1878 1195 2040 1240 alteram
2064 1211 2152 1239 non
2174 1195 2504 1257 superemineat,
2524 1212 2569 1241 ut
2587 1200 2628 1242 in

975 1256 1140 1302 exostofi
1151 1287 1164 1307 ‚
1189 1255 1255 1301 sed
1267 1273 1411 1300 omnes
1423 1270 1625 1299 tumorem
1641 1255 1753 1314 aeque
1763 1256 2014 1316 participent.
2408 1303 2416 1309 ,

914 1370 917 1373 ¹
1034 1320 1089 1361 Ea
1101 1331 1234 1360 autem
1246 1318 1417 1360 tumoris
1436 1314 1581 1374 species
1604 1312 1750 1357 offibus
1767 1313 1963 1358 acciditiu
1988 1313 2053 1357 lue
2077 1314 2246 1357 venerea
2284 1313 2410 1358 causi
2448 1314 2591 1376 triplici
2612 1331 2627 1364 ὅ

982 1391 998 1420 1
1010 1384 1048 1418 ⁰.
1072 1376 1182 1431 Qia
1203 1374 1352 1418 cellulae
1367 1373 1481 1417 oss'eae
1497 1373 1659 1434 fingulae
1672 1403 1685 1422 ‚
1697 1374 1842 1432 quibus
1855 1371 1938 1416 olla
1952 1371 2164 1432 spongiosa
2174 1374 2365 1417 constant
2380 1406 2390 1418 .
2414 1373 2440 1417 εὶ
2463 1389 2628 1420 conten-

974 1437 1024 1479 tis
1037 1433 1171 1478 floccis
1194 1433 1418 1477 medullaris
1442 1431 1686 1481 substantiae,
1705 1432 1909 1492 stagnante
1930 1430 2045 1476 succo
2068 1431 2276 1476 medullati
2292 1431 2480 1493 spiffiore
2506 1438 2550 1478 &
2571 1435 2627 1478 vi·

973 1493 1135 1540 rulenro
1161 1493 1332 1538 nimium
1359 1491 1607 1555 turgentibus
1626 1522 1639 1540 ‚
1665 1488 1882 1535 extrorsum
1905 1490 2118 1551 impensius
2156 1493 2410 1537 dilatantur:
2435 1498 2504 1536 2⁰.
2519 1495 2622 1550 Qia

973 1552 1123 1598 ceuulae
1137 1553 1311 1612 ipsemet
1321 1551 1371 1595 ab
1389 1552 1576 1595 instillato
1590 1551 1740 1598 acriore
1765 1550 1880 1595 succo
1894 1550 2104 1594 medullari
2118 1550 2278 1595 semi-ex
2285 1550 2357 1595 esae
2370 1582 2387 1601 ,
2408 1554 2625 1596 nutrimen-

974 1626 1024 1657 to
1041 1641 1054 1659 ,
1081 1610 1198 1671 quod
1215 1611 1395 1660 accedit,
1414 1609 1568 1655 facilius
1580 1611 1675 1653 inde
1704 1608 1876 1656 cedunt,
1902 1610 2088 1669 adeoque
2122 1612 2162 1653 in
2189 1610 2441 1655 ''crassiorem
2475 1612 2617 1655 molem

974 1670 1116 1715 senfim
1149 1669 1373 1715 accrescunt
1398 1687 1409 1713 ι
1448 1678 1514 1724 3⁹.
1540 1667 1744 1718 Dermim,
1768 1671 1862 1733 quia
1876 1668 2113 1712 fimultaneo
2144 1670 2349 1728 utr³nsque
2373 1670 2502 1714 causae
2533 1686 2625 1715 con·

974 1730 1107 1781 cursu,
1126 1730 1278 1773 cellulae
1290 1728 1407 1773 offeae
1422 1729 1446 1773 ὲ
1468 1727 1781 1789 turgescentibus
1800 1728 1936 1772 floccis
1961 1728 2188 1772 medullaris
2212 1728 2447 1773 ffibstantiae
2465 1730 2503 1772 vi
2531 1729 2625 1774 dila-

975 1804 1139 1836 tantur,
1162 1787 1267 1833 &ab
1288 1789 1439 1832 acriore
1457 1786 1573 1831 succo
1586 1786 1798 1831 medullari
1821 1786 2012 1831 emollitae
2041 1788 2200 1832 uberius
2225 1786 2341 1831 fimul
2382 1791 2625 1835 nutriuntur.

973 1853 1022 1893 In
1064 1851 1168 1892 rimo
1180 1846 1267 1891 casu
1281 1846 1389 1891 mole
1403 1862 1601 1908 augentur
1614 1845 1842 1891 medullatis
1855 1846 2074 1890 substantie
2092 1847 2205 1891 flocci
2219 1876 2231 1893 ‚
2254 1851 2301 1891 &
2328 1848 2434 1892 ideo
2468 1849 2629 1908 quidcm‘

960 1918 1019 1953 'ee
1051 1907 1124 1951 ulae
1143 1905 1408 1967 ampliantur,
1435 1909 1602 1967 parietes
1612 1905 1711 1948 vero
1721 1904 1951 1950 cellularum
1967 1905 2148 1950 exiliores
2169 1907 2284 1950 fiunt.
2319 1909 2371 1950 ln
2402 1906 2539 1951 altero
2562 1922 2630 1951 ne-

973 1983 1056 2027 que
1069 1966 1220 2011 cellulae
1244 1981 1378 2025 neque
1390 1965 1507 2010 flocci
1518 1969 1689 2023 majores
1704 1962 1829 2015 fiunt,
1852 1963 1919 2009 sed
1942 1963 2170 2009 cellularum
2192 1966 2367 2026 parietes
2396 1968 2441 2009 in
2464 1966 2632 2010 craffim·

973 2028 1112 2071 dinem
1128 2028 1321 2081 majorem
1341 2026 1580 2069 excrescunt.
1603 2021 1781 2070 Demean
1797 2026 1838 2068 in
1856 2025 2001 2073 tertio,
2030 2028 2100 2082 qui
2117 2023 2464 2084 stequentiffimus
2494 2040 2627 2070 occurr-

973 2087 1026 2130 rit
1043 2116 1056 2136 ,
1078 2087 1162 2147 pari
1209 2083 1286 2129 assu
1308 2083 1425 2128 flocci
1445 2083 1558 2128 mole
1577 2082 1755 2127 crescunt
1766 2114 1781 2134 ,
1798 2083 2041 2145 ampliantur
2055 2083 2228 2134 cellulae,
2248 2088 2291 2128 δι
2307 2083 2555 2129 cellularum
2564 2101 2629 2146 pa·

973 2148 1091 2189 rietes
1107 2101 1352 2189 crassescunt.
2567 2150 2570 2152 “

1033 2207 1146 2249 Hinc
1159 2219 1258 2263 crgo
1277 2203 1451 2262 sequitur
1481 2210 1546 2246 ιο.
1560 2202 1706 2262 Capita
1735 2200 1902 2261 ollium.
1922 2202 2067 2260 quibus
2078 2200 2229 2246 articuli
2243 2201 2463 2254 constant,
2486 2204 2542 2262 hy
2571 2220 2627 2248 er-

977 2262 1101 2308 ostofi
1141 2262 1415 2323 saepenumero
1435 2263 1478 2304 in
1504 2261 1570 2304 lue
1585 2261 1755 2305 venerefi
1781 2259 2082 2305 tumefacienda
2104 2261 2179 2305 esse
2207 2291 2221 2310 ‚
2246 2264 2454 2325 quoniam
2490 2280 2520 2308 o
2566 2280 2627 2308 nm

974 2325 1104 2385 cupita
1118 2323 1256 2365 omnia
1272 2352 1286 2372 ,
1310 2319 1398 2364 sunt
1419 2321 1441 2364 ὲ
1460 2335 1609 2380 genere
1630 2318 1773 2363 ostium
1794 2319 2111 2380 spongiosorum.

1039 2393 1107 2425 2⁰.
1138 2385 1244 2424 Inter
1267 2395 1405 2424 caetera
1417 2381 1500 2423 ossa
1509 2377 1719 2439 spongio¹a
1729 2378 1921 2422 offiumve
1939 2382 2091 2439 capita,
2109 2378 2196 2423 tum
2209 2394 2256 2421 ea
2274 2378 2532 2439 hyperostofi
2546 2398 2623 2426 ma·

977 2441 1084 2485 xime
1109 2440 1286 2484 obnoxia
1309 2437 1412 2488 csse,
1439 2454 1527 2498 quae
1539 2454 1657 2481 carne
1685 2436 1910 2498 paucissimi
1934 2441 2118 2483 court-<sta
2146 2438 2326 2483 citissime
2370 2436 2584 2500 fiigefiunt
2607 2471 2621 2492 ‚

976 2514 1024 2544 ut
1047 2499 1250 2543 claviculae
1266 2529 1279 2548 ,
1305 2497 1420 2541 costae
1442 2526 1454 2543 ‚
1473 2497 1708 2541 coxendices
1721 2528 1734 2547 ‚
1748 2502 1792 2541 &
1809 2496 1906 2547 olla,
1918 2513 2004 2557 quae
2024 2499 2176 2558 pedum
2188 2529 2200 2546 ‚
2210 2513 2395 2558 genuum
2411 2529 2426 2547 ,
2438 2499 2617 2544 ulnarum

975 2564 1054 2603 ἃς.
1081 2558 1268 2603 articulos
1285 2557 1552 2607 constituunt,
1570 2555 1660 2599 tum
1682 2572 1741 2607 ea,
1757 2572 1930 2617 quorum
1941 2571 2094 2601 textura
2110 2560 2190 2603 ictu
2202 2589 2217 2609 ,
2230 2556 2344 2606 casu,
2363 2559 2617 2609 contufione,

974 2617 1180 2667 debilitata
1201 2616 1289 2661 fuit.
1649 2641 1654 2646 ·
2617 2656 2620 2660 .

1041 2687 1106 2731 3⁹.
1130 2677 1227 2721 offa
1255 2675 1464 2737 spongiosi
1489 2674 1680 2719 offiumve
1703 2677 1833 2735 capita
1857 2674 2103 2737 hyperostofi
2127 2674 2326 2721 tumefieri
2358 2693 2448 2722 non
2539 2676 2589 2721 (se
2608 2706 2621 2726 .

1004 2737 1075 2779 uin
1132 2737 1331 2780 eriostium
1346 2767 1359 2785 ,
1382 2735 1545 2779 musculi
1562 2734 1836 2796 &ligamenta
1848 2765 1861 2784 ‚
1877 2736 2022 2794 quibus
2034 2734 2280 2779 circumdata
2294 2734 2401 2787 sunt,
2413 2739 2472 2783 do
2489 2735 2627 2790 orifice

974 2753 1264 2844 gistrasiantur,
1286 2797 1411 2855 magis
1424 2794 1617 2843 minusve,
1639 2807 1761 2855 prout
1784 2797 1956 2838 accterio
1983 2794 2123 2838 ossium
2154 2793 2322 2839 celerior
2343 2793 2620 2841 tardiorvefu-

977 2867 1065 2898 tura
1084 2854 1161 2904 cst,
1182 2854 1289 2897 unde
1307 2854 1471 2897 dolores
1486 2853 1815 2897 rheumatismum
1828 2853 1892 2896 vel
1903 2854 2151 2898 arthritidem
2165 2856 2430 2900 mentientes.

1034 2915 1116 2964 4⁰.
1142 2912 1432 2974 Hyperostoses
1450 2915 1490 2956 in
1505 2915 1587 2956 tota
1609 2915 1785 2971 capitum
1799 2911 1998 2957 oss‘eorum
2026 2912 2149 2968 mole„
2166 2913 2258 2957 raro
2276 2918 2322 2959 &
2347 2917 2419 2959 vix
2451 2930 2620 2975 unquam

973 2972 1186 3033 aequabiles
1208 2970 1284 3016 effe
1302 2977 1344 3016 &
1360 2970 1603 3020 uniformes,
1618 2970 1683 3015 sed
1696 2972 1936 3031 plerumque
1951 2972 2057 3016 varie
2076 2971 2218 3032 gibbas
2240 2977 2285 3017 δε
2311 2974 2509 3019 anomale
2534 2978 2618 3019 in:-

974 3032 1113 3092 quales
1127 3064 1139 3080 ,
1165 3047 1285 3093 prout
1300 3030 1500 3090 inaequalis
1520 3031 1575 3074 est
1606 3030 1844 3074 eorumdem
1860 3030 2003 3075 ossium
2019 3030 2208 3080 dealitas,
2226 3030 2479 3094 firmitafique
2503 3036 2544 3078 in
2566 3034 2619 3077 di-

971 3090 1089 3135 verfis
1107 3091 1216 3136 locis.
1253 3094 1363 3135 Hinc
1381 3092 1495 3134 variae
1521 3090 1701 3149 corporis
1718 3088 2042 3135 ,deformationes
2077 3121 2093 3142 ,
2129 3104 2344 3137 artuumve
2382 3092 2590 3152 ankyloses
2603 3120 2617 3143 0

869 3183 877 3190 .
974 3150 1084 3196 unde
1128 3150 1254 3194 ibbosi
1271 3182 1283 3198 ,
1308 3149 1476 3199 (cambi,
1494 3150 1598 3196 vari,
1620 3148 1747 3208 valgi.
1775 3150 1894 3192 scauri
1919 3155 1997 3194 &c-

730 3204 802 3250 m-
847 3205 949 3249 Vffln
1030 3210 1053 3255 1
1066 3166 1125 3255 if.
1150 3209 1419 3257 Medullarem
1441 3207 1694 3254 substantiam
1710 3237 1723 3257 ,
1743 3224 1834 3269 quae
1851 3210 1896 3254 in
1920 3210 2064 3255 offium
2080 3213 2283 3270 majorum
2305 3211 2541 3260 meditullio
2561 3212 2613 3255 12-

2546 3284 2617 3321 “tn
