3523 3956
703 3138 735 3164 r.
773 3124 921 3165 Gonor-

702 3174 800 3217 xhoea
810 3175 833 3212 fi
847 3188 914 3225 qua

950 420 1036 465 408
1242 407 1736 453 DEMORBIS
1792 405 2264 466 QENEREIS.

946 471 1015 516 diu
1041 469 1247 514 retardant
1258 482 1450 512 venereos
1472 468 1704 510 earumdem
1727 469 1899 527 partium
1923 463 2092 509 morbos
2117 496 2130 515 ,
2155 469 2226 528 qui
2261 465 2516 526 ceteroquin
2556 483 2600 515 ex

944 532 1053 576 notis
1066 528 1266 573 affinitatis
1285 525 1438 586 legibus
1460 523 1544 568 fere
1568 528 1755 570 omnium
1805 528 1894 570 timi
1914 523 2047 569 solent
2064 541 2115 586 ap
2144 543 2269 574 arcte.

998 593 1066 646 5⁰.
1082 590 1284 647 Denique,
1300 584 1325 628 fi
1340 584 1426 628 casu
1439 586 1584 644 quovis
1600 583 1770 628 fortuito
1811 600 1998 629 umorum
2013 584 2113 628 decu
2145 588 2222 630 itus
2233 590 2275 631 in
2285 600 2600 648 parte-aquam-

946 647 1044 692 dam
1069 646 1314 693 accersatur,
1338 643 1435 687 inde
1456 644 1566 688 tanto
1585 641 1738 687 facilius
1761 645 1865 688 virus
1890 659 2107 687 venereum
2126 646 2167 689 in
2192 660 2307 707 parte
2333 645 2481 689 eadem
2513 663 2601 691 curn

946 706 1120 751 humore
1134 707 1304 750 haerente
1329 703 1598 764 stagnaturum
1614 703 1695 751 est,
1709 707 1751 747 &
1765 702 1897 747 eidem
1929 702 2060 747 labem
2078 705 2193 749 tanto
2224 703 2343 749 citius
2373 704 2600 750 allaturum.

947 768 1014 810 Sic
1038 768 1079 808 in
1105 763 1331 824 syphiliticis
1348 761 1445 822 (ερὲς
1462 761 1607 805 accidit
1620 792 1631 809 ‚
1651 776 1694 804 ut
1707 760 1777 805 offi
1803 763 1881 806 ictu
1902 764 2072 805 contulo
2092 764 2304 814 emstofis,
2326 764 2504 808 articulo
2522 764 2604 825 lap-

949 823 993 869 su
1017 824 1186 867 distorto
1211 820 1412 879 ankylolis
1435 821 1500 863 vel
1513 820 1634 865 dolor
1649 820 1897 870 arthriticus,
1946 823 2017 864 arti
2032 837 2148 881 ‚quae
2166 823 2331 884 frigoris
2343 823 2602 868 acerbitatem

947 882 1053 944 palla
1075 880 1216 932 fuerit,
1245 881 1457 941 paralylis,
1487 881 1569 939 cuti
1590 879 1728 923 leviter
1754 881 1894 925 attritae
1945 896 2058 942 erpes
2070 886 2149 926 &a
2179 898 2227 927 ex
2244 882 2476 944 improviso
2486 880 2603 927 subo-

944 955 1110 987 riantur.
2054 962 2058 965 ·
2593 965 2601 971 ·

1010 1001 1130 1045 Haud
1152 998 1303 1043 inficias
1329 999 1544 1044 iverimus,
1569 999 1669 1057 quin
1684 996 1815 1042 forsan
1840 998 1973 1060 plures
1990 998 2074 1044 aliae
2095 1003 2255 1061 reperiri
2278 999 2437 1061 poss‘nt
2465 1015 2603 1062 excep-

951 1061 1085 1103 tiones
1107 1058 1170 1103 {eu
1192 1058 1401 1101 anomaliae
1425 1055 1645 1101 istiusinodi
1658 1086 1671 1103 ‚
1702 1056 1768 1101 sed
1787 1074 1884 1116 quas
1907 1056 1976 1119 ipfi
1997 1061 2183 1103 novimus
2196 1060 2375 1104 candidi·
2391 1059 2604 1120 propoliii·

949 1132 1040 1163 mus
1064 1135 1076 1161 ι
1101 1121 1273 1162 Caeteras
1302 1116 1368 1160 alii
1391 1117 1643 1177 impertiant,
1679 1115 1706 1159 fi
1734 1117 1835 1175 quid
1861 1119 2050 1160 noverint
2077 1120 2219 1162 festius
2240 1119 2324 1162 istis
2345 1149 2362 1169 ‚
2394 1118 2461 1163 vel
2483 1118 2605 1163 allatis

948 1190 1112 1221 utantur
1124 1206 1136 1223 ,
1167 1192 1283 1236 aequo
1297 1177 1435 1219 animo
1454 1174 1661 1218 nobiscum
1678 1175 1929 1234 expediando
1944 1206 1957 1223 ‚
1975 1176 2073 1220 dtim
2094 1178 2360 1237 experientia,
2374 1193 2469 1239 quae
2484 1180 2523 1220 in
2544 1193 2603 1221 re-

951 1236 1027 1280 bus
1048 1236 1213 1279 medicis
1239 1250 1368 1278 rerum
1390 1234 1574 1295 magistra
1591 1234 1673 1284 est,
1704 1235 1868 1278 certiora
1899 1235 2129 1280 doceamur.
2188 1238 2419 1282 Fatendum
2443 1238 2601 1282 interim

949 1293 1078 1340 allatis
1094 1294 1302 1338 anomaliis
1318 1294 1494 1365 regulam
1506 1323 1519 1341 ,
1543 1291 1692 1336 nedum
1715 1293 1803 1336 ullis
1818 1292 2008 1338 infirmari
2020 1324 2033 1343 ,
2064 1293 2129 1338 sed
2143 1296 2334 1339 omnibus
2351 1298 2493 1356 potius
2505 1311 2600 1339 con-

951 1351 1098 1396 firmari
1121 1354 1307 1414 egregie,
1338 1368 1431 1396 cum
1453 1351 1517 1395 vel
1538 1367 1585 1395 ex
1607 1354 1816 1395 anomaliis
1831 1351 2002 1412 ipsismet
2026 1352 2175 1412 liqueat
2195 1357 2400 1398 Naturam
2417 1354 2474 1398 {iti
2493 1353 2601 1399 cons·

951 1425 1121 1462 tantem,
1133 1428 1317 1455 normam
1340 1416 1493 1471 (emper
1515 1408 1720 1460 affectare,
1751 1427 1825 1455 nec
1841 1408 1899 1455 ab'
1913 1410 1981 1455 nia
2000 1427 2176 1472 unquam
2197 1414 2261 1457 vel
2287 1413 2501 1458 tantillum
2527 1412 2599 1458 dis-

949 1472 1095 1515 cedere
1114 1473 1155 1514 in
1178 1469 1419 1519 anomalum,
1451 1468 1521 1513 nifi
1544 1470 1583 1512 vi
1604 1484 1782 1530 cogatur.
1812 1471 1921 1514 Hinc
1939 1487 2037 1531 ergo
2058 1471 2247 1532 colligere
2270 1473 2327 1516 est
2351 1471 2600 1533 propofitam

950 1529 1189 1574 affinitatum
1213 1528 1352 1573 scalam
1376 1528 1454 1572 five
1477 1526 1663 1571 tabellam
1680 1558 1694 1575 ‚
1754 1531 1907 1573 uamvis
1925 1528 2011 1573 (atis
2026 1545 2132 1574 certa
2153 1546 2239 1574 non
2259 1529 2332 1581 fit,
2368 1546 2417 1575 ut
2470 1532 2595 1577 lenam

950 1593 996 1634 ὅτ
1022 1603 1257 1649 perpetuam
1280 1586 1404 1631 fidem
1425 1589 1637 1647 impetret,
1659 1601 1700 1631 at
1764 1587 1860 1632 ltem
1885 1588 1971 1632 (atis
1991 1605 2127 1633 veram
2155 1590 2308 1640 videri,
2337 1548 2595 1635 «maximino

949 1650 1044 1696 artis
1061 1663 1189 1708 gnaro
1209 1649 1383 1708 ignorari
1406 1662 1489 1690 non
1511 1646 1654 1692 debeat
1668 1677 1680 1696 ‚
1712 1646 1805 1690 cum
1826 1647 1974 1707 poffint
2000 1648 2218 1707 aliquando
2247 1648 2389 1693 futura
2405 1652 2594 1712 incipien-

951 1708 1003 1752 tis
1027 1707 1229 1767 syphilidis
1263 1706 1528 1767 symptomata
1550 1705 1648 1749 inde
1677 1704 1894 1765 praelagiri‚
1935 1707 2019 1750 imo
2043 1709 2164 1750 etiam
2196 1706 2373 1753 feliciter
2405 1712 2596 1769 praeverti.

951 1766 1103 1812 Placuit
1133 1766 1226 1811 idco
1248 1771 1290 1809 &
1311 1767 1352 1808 in
1383 1763 1639 1808 recensendis
1659 1764 1733 1807 luis
1762 1781 1940 1809 venerea:
1967 1764 2269 1825 symptomatis.
2312 1772 2362 1811 &
2389 1769 2432 1811 in
2461 1767 2599 1813 iisdem

951 1841 1062 1869 nunc
1076 1824 1337 1885 explicandiS,
1349 1823 1443 1868 huic
1468 1838 1620 1866 norma:
1668 1821 1773 1866 oritis
1795 1823 2072 1873 infiste1·e‚ceu
2084 1824 2369 1871 observatione
2382 1829 2491 1871 certi
2508 1843 2599 1888 pro-

949 1882 1076 1933 batae,
1108 1884 1229 1942 quam
1244 1881 1436 1938 ordinem
1459 1882 1566 1944 sequi
1589 1897 1632 1926 ar
1662 1884 1836 1928 itrarium
1849 1884 1970 1928 alium
1994 1882 2217 1943 quemlibet
2231 1914 2245 1932 2
2271 1890 2315 1930 &
2331 1885 2456 1930 nullo
2467 1889 2600 1932 nixum

947 1939 1232 1987 fundamento.

1409 2147 1825 2200 CAPUT
1911 2149 2096 2201 ΙΙΙ.

1276 2284 1575 2355 Symptomata
1599 2285 1709 2334 Lais
1732 2284 1788 2338 V
1781 2302 1942 2335 enereae
1976 2287 2252 2352 confirmant.

1206 2412 2334 2468 §.1.MOR131GEN1T‚AL11JM.

1008 2528 1058 2579 'N
1091 2532 1328 2593 genitalibus
1360 2543 1533 2588 quatuor
1567 2529 1755 2573 humores
1776 2528 2027 2590 peculiariter
2058 2529 2333 2589 distinguendi
2366 2529 2483 2580 fiint,
2527 2531 2591 2592 qui

951 2546 1171 2641 Iveneno
1206 2605 1381 2634 venereo
1417 2587 1547 2638 infici,
1586 2594 1628 2632 &
1661 2587 1800 2632 infecti
1824 2588 1970 2632 locales
1999 2587 2231 2648 genitalium
2257 2589 2428 2633 morbos
2449 2587 2589 2636 inferre

949 2650 1125 2714 potsunt.
1156 2660 1218 2694 ιθ.
1240 2653 1383 2694 Scmen
1404 2646 1628 2708 prolificum
1651 2648 1805 2691 testium
1827 2647 2025 2696 virilium3
2058 2657 2127 2690 ιθ.
2150 2649 2293 2691 Semen
2309 2647 2587 2692 infoecundum

950 2709 1152 2770 utriusque
1178 2708 1310 2755 stxfis.
1338 2707 1480 2754 scilicet
1513 2707 1797 2767 ptest-ararum,
1820 2706 2098 2775 glandularum
2126 2708 2515 2767 Cowperianarum‚
2548 2711 2587 2755 «Sc

950 2768 1180 2815 lacunarum
1200 2769 1366 2812 urethrae
1392 2769 1432 2810 in
1461 2768 1576 2816 viris·,
1603 2769 1643 2809 in
1679 2764 1854 2809 foemims
1875 2766 1972 2809 vcro
1997 2766 2254 2825 prostararum
2270 2797 2283 2815 ‚
2304 2765 2587 2826 glandularum

951 2828 1331 2886 Cowperhmrum,
1358 2831 1399 2870 δ(
1415 2825 1692 2885 glandularum
1715 2827 1889 2885 vaginam
1925 2833 1989 2878 3⁰.
2011 2827 2172 2868 Humor
2202 2824 2390 2869 sebaceus
2419 2825 2589 2887 glandus·

950 2884 1078 2929 larum
1105 2900 1381 2933 cutanearum,
1404 2900 1489 2942 quae
1505 2885 1691 2929 balanum
1707 2889 1748 2927 &
1764 2886 1963 2927 internum
1973 2885 2210 2943 praeputium
2235 2886 2276 2927 in
2303 2885 2425 2935 viris,
2450 2887 2494 2928 in
2515 2882 2585 2929 fit·

949 2946 1070 2989 minis
1085 2945 1190 2988 ,νει-ὸ
1211 2944 1392 2992 vulvam,
1431 2945 1473 2986 in
1505 2958 1675 3003 utroque
1696 2942 1785 2986 stxu
1813 2945 1877 2986 ani
1899 2941 2076 2986 confinia
2096 2941 2305 2993 obfident3
2326 2953 2400 2995 40.
2424 2947 2586 2988 Humor

949 3006 1134 3050 mucosus
1149 3034 1161 3052 ‚
1189 3004 1258 3062 qui
1281 3005 1383 3046 inter
1405 3001 1667 3045 tenuissimam
1693 3002 1903 3046 cuticulam
1926 3001 2110 3060 glandiS,
2145 3003 2324 3063 praeputii
2338 3018 2409 3047 aut
2430 3005 2587 3057 vultur,

949 3077 1164 3123 cutemque
1193 3062 1403 3118 liibjeCkam
1430 3063 1658 3118 interjacet,
1682 3059 1778 3104 ficut
1800 3063 1842 3104 in
1869 3059 2018 3120 reliqua
2044 3063 2223 3121 corporis
2249 3075 2359 3106 cute.
2588 3112 2591 3115 ¹

1008 3127 1066 3166 lta
1097 3138 1145 3165 ue
1168 3126 1196 3165 L
1229 3123 1268 3164 Si
1284 3120 1530 3181 gonorrhoea
1549 3135 1691 3164 recens
1712 3121 1883 3179 antiquar.
1907 3117 2092 3180 syphilidi
2123 3120 2160 3163 su
2191 3120 2408 3165 eraddatur
2429 3123 2487 3165 im
2519 3138 2590 3167 uro

950 3197 1080 3228 conen
1108 3182 1194 3232 itu,
1226 3179 1390 3232 semen,
1419 3181 1506 3226 turn
1524 3179 1672 3239 quoda
1687 3178 1846 3235 testibus
1872 3180 1915 3223 in
1941 3177 2126 3239 vesiculas
2162 3181 2375 3225 cminarias
2399 3197 2452 3225 co
2513 3185 2592 3230 uit.

1984 3253 2002 3275 '³
2506 3256 2589 3287 tum
