3523 3956
993 452 1051 527 ᾗ
1483 448 2115 505 PRAErAT1o

992 524 1389 595 contraCiumque
1419 525 1471 574 in
1496 522 1850 592 Neapolitanos
1865 520 2126 575 traduxisse
2145 563 2159 584 ,
2176 518 2348 594 quibus
2362 520 2603 594 suppetias

991 598 1188 648 iverunt
1214 610 1347 645 anno
1378 608 1536 662 1494:
1581 591 1669 644 Ab
1685 589 1898 661 utrisque
1922 593 2169 658 Francos,
2205 591 2487 663 quibuscum
2514 610 2603 665 per
2657 629 2661 634 *

991 663 1050 717 id
1074 680 1262 734 tempus
1285 661 1459 714 bellum
1477 676 1580 713 erat
1594 702 1606 721 ,
1631 660 1776 713 celeri
1805 664 2110 733 contagione
2144 662 2343 714 inseEios
2364 668 2414 713 ec
2437 679 2605 716 conta·-

997 736 1211 787 minatos
1231 733 1366 784 fuisse
1387 752 1398 786 :
1420 731 1505 783 Ab
1529 731 1606 782 his
1620 729 1773 783 tribus
1788 734 2040 802 praecipuis
2058 735 2263 802 Europae
2285 731 2512 808 gentibus
2534 732 2607 784 se·

996 801 1094 857 mel
1118 803 1308 854 infeffis
1328 800 1504 853 malum
1523 804 1573 852 in
1590 816 1792 852 caeteros
1807 803 2013 870 Europae
2028 840 2044 866 ,
2067 809 2115 851 δε
2142 802 2389 871 plerosque
2413 803 2539 854 Afiae
2555 809 2609 854 δε

997 872 1186 928 Africae
1212 870 1415 957 populos
1438 870 1574 922 brevi
1600 869 1885 940 divagatum
1906 869 2041 922 fuisse
2067 870 2222 941 gradu
2240 874 2494 942 giganteo:
2525 873 2611 925 De

999 945 1237 997 America
1271 940 1476 1011 proinde
1499 940 1675 992 merito
1696 941 1799 991 dici
1816 938 1947 1010 posse
1972 939 2039 991 ob
2062 942 2379 1010 gravissimam
2396 939 2573 1010 pestem
2593 979 2616 1007 ,

1037 1029 1109 1063 uae
1131 1015 1182 1062 in
1209 1012 1451 1080 Europam
1469 1009 1588 1061 inde
1611 1007 1882 1060 dimanavit
1903 1049 1915 1066 ‚
1938 1009 2073 1078 quod
2090 1009 2118 1060 a
2145 1011 2387 1062 Romanis
2411 1009 2529 1062 olim
2547 1009 2615 1067 de

998 1029 1119 1133 auia
1151 1079 1407 1132 dicebatur
1438 1078 1505 1131 ob
1530 1081 1685 1144 vitia,
1716 1093 1822 1148 quae
1849 1081 1902 1128 in
1918 1078 2296 1149 Rempublicam
2322 1078 2454 1131 illinc
2493 1097 2617 1132 con-

1001 1147 1243 1202 fluxerant
1263 1188 1280 1213 ‚
1319 1151 1544 1201 nimirum
1581 1151 1677 1212 (a)
1718 1149 1952 1197 devichm
1980 1151 2181 1200 Victores
2205 1151 2307 1221 suos
2356 1149 2576 1218 corrupsffi
2601 1170 2618 1204 2
2694 1199 2705 1207 ,

1004 1220 1217 1273 Βεῐηὺιτι
1246 1217 1300 1270 id
1336 1221 1634 1270 teterrimum
1668 1216 1781 1267 mali
1811 1234 1964 1287 genus
1998 1217 2223 1270 haetenus
2246 1217 2461 1269 diversas
2487 1223 2622 1272 vices

1006 1289 1103 1344 sive
1125 1287 1353 1359 periodos
1374 1302 1625 1357 expertum
1649 1286 1773 1350 esse,
1794 1304 1900 1355 quae
1922 1286 2056 1351 varia
2070 1286 2440 1357 symptomatum
2464 1287 2625 1339 acces-

1006 1359 1139 1412 fione
1157 1356 1232 1409 vel
1249 1356 1524 1409 decessione
1539 1357 1747 1427 insignes
1763 1356 1943 1407 fuerint
1968 1373 2056 1416 ;ac
2078 1373 2209 1408 nunc
2243 1357 2440 1408 tandem
2466 1356 2626 1409 videri

1008 1427 1240 1498 paulatim
1270 1425 1522 1478 mitescere
1535 1466 1546 1485 ,
1575 1432 1625 1476 δι
1650 1427 1735 1476 nisi
1757 1443 1881 1477 vana
1896 1425 2019 1478 fides
2038 1464 2056 1492 ,
2074 1428 2126 1478 in
2145 1425 2331 1478 senium
2347 1426 2554 1479 tendere
2570 1430 2628 1479 in

1013 1496 1124 1550 dies
1137 1535 1155 1563 ,
1171 1495 1257 1548 sed
1274 1512 1437 1548 tamen
1464 1494 1628 1547 adhuc
1639 1495 1757 1565 pede
1782 1495 1954 1547 claudo.

1081 1635 1162 1686 11.
1193 1633 1512 1705 Explicantur
1541 1637 1593 1685 in
1625 1631 1830 1685 Sicundo
1855 1633 2010 1687 Libro
2026 1637 2206 1687 veneni
2222 1637 2417 1688 venerei
2435 1650 2626 1701 natura,

1013 1703 1231 1768 indoleS,
1255 1706 1547 1773 propagatio
1568 1709 1647 1767 ,8ι
1664 1703 1955 1763 efficacitas·‚
1981 1722 2039 1756 ac
2061 1703 2496 1756 deindehistorice
2506 1723 2632 1775 quae-

1012 1777 1138 1824 ritur
1165 1791 1263 1844 quo
1287 1789 1507 1842 tempore
1538 1779 1588 1823 δι
1611 1789 1711 1842 quo
1732 1774 1922 1824 meliore
1954 1773 2170 1825 remed-ia
2199 1774 2379 1844 singula
2393 1813 2412 1838 ,
2438 1792 2545 1843 quae
2563 1773 2630 1827 ad

1016 1844 1172 1895 Luem
1205 1842 1391 1894 faciunt
1413 1880 1430 1906 ,
1452 1857 1503 1893 ut
1532 1843 1874 1912 Hydrargyrus
1894 1881 1911 1908 ,
1935 1843 2201 1895 Guaiacum
2222 1882 2242 1908 ‚
2262 1842 2399 1895 radix
2429 1845 2629 1902 Chinoe,

927 1965 944 1983 ,
1014 1909 1340 1981 Sarsa-parilla
1372 1952 1385 1972 ,
1417 1909 1601 1982 lignum
1625 1911 1849 1965 Sassafras
1870 1950 1886 1976 ,
1924 1916 2190 1980 Praeparata
2229 1912 2550 1975 mercurialia,
2575 1919 2627 1963 δε

1011 1979 1302 2052 Suffumigia
1324 1998 1385 2033 ex
1410 1981 1694 2045 cinnabari,
1734 1983 1786 2031 in
1816 1979 1946 2032 usum
1971 1980 2165 2033 induCia
2191 1979 2369 2033 fuerint
2387 2023 2398 2039 ,
2417 1988 2466 2032 δι
2481 1999 2635 2051 quan-

1013 2048 1067 2101 ιὲι
1098 2054 1370 2103 animorum
1394 2054 1717 2102 contentione
1738 2050 1800 2102 de
1826 2049 2115 2121 singulorum
2139 2049 2409 2120 praestantia
2437 2050 2520 2101 diu
2544 2051 2631 2101 de·

1015 2136 1254 2172 certatum
1280 2121 1335 2172 fit
1352 2159 1368 2185 ,
1395 2119 1557 2172 donec
1590 2119 1788 2171 tandem
1809 2121 2088 2184 Mercurio,
2106 2126 2154 2170 δι
2180 2123 2308 2173 inter
2325 2122 2480 2172 varias
2492 2121 2630 2170 Mer-

1014 2193 1140 2241 curii
1160 2188 1435 2242 adhibendi
1460 2189 1725 2241 methodos
1744 2226 1763 2256 ,
1788 2187 2146 2259 Hydrargyrosi
2162 2190 2256 2242 sive
2272 2189 2512 2241 methodo
2540 2188 2635 2251 illi-

1015 2262 1229 2323 tionum,
1251 2261 1451 2311 vifiioria
1468 2260 1674 2311 cesserit.

1062 2379 1065 2382 .
1089 2329 1350 2381 Necessum
1387 2329 1477 2381 fuit
1522 2332 1573 2380 in
1612 2329 1706 2381 hac
1743 2327 1894 2380 alterii
1929 2327 2152 2380 editione
2197 2327 2261 2380 de
2292 2328 2631 2396 Anathymiasi

1016 2397 1290 2452 mercuriali
1313 2436 1330 2461 ,
1363 2397 1443 2450 seu
1470 2398 1534 2450 de
1554 2397 1635 2450 usu
1669 2397 2049 2469 suffumigiorum
2084 2397 2434 2450 mercurialium
2456 2437 2470 2462 ‚
2490 2398 2632 2467 paulo

1018 2468 1159 2521 fufius
1180 2468 1409 2519 disserere
1430 2507 1446 2533 ‚
1487 2467 1620 2538 quod
1649 2467 1945 2539 Aretalogus
1969 2466 2166 2538 quidam
2197 2467 2632 2538 pollicitationibus

1021 2536 1117 2590 suis
1140 2541 1190 2588 in
1210 2540 1409 2588 nimiam
1428 2537 1773 2590 medicationis
1802 2536 1923 2590 illius
1944 2535 2073 2607 spem
2095 2537 2428 2607 plerorumque
2446 2540 2635 2588 animos

1022 2606 1306 2659 induxisset.
1327 2606 1560 2671 Proinde,
1613 2625 1682 2658 uae
1703 2605 1971 2676 suffumigia
1994 2606 2056 2658 ab
2078 2607 2455 2675 Antiquioribus
2471 2614 2520 2657 &
2538 2605 2636 2675 quii

1026 2676 1270 2729 methodo
1282 2675 1399 2729 olim
1417 2715 1434 2742 ,
1451 2694 1557 2747 quae
1576 2625 1847 2746 suffumigia
1862 2677 1924 2728 ab
1947 2676 2030 2728 illo
2052 2675 2458 2729 circumforaneo
2473 2682 2520 2726 &
2539 2674 2635 2744 quii

1028 2746 1271 2798 methodo
1289 2764 1442 2817 nuper
1455 2746 1682 2798 adhibita
1696 2747 1785 2797 sint
1803 2786 1820 2811 ,
1844 2764 1930 2816 per
1944 2745 2124 2817 singula
2145 2748 2306 2815 capita
2327 2748 2454 2816 prius
2474 2742 2635 2814 perse-

1069 2830 1205 2867 uutus
1232 2854 1248 2879 ,
1294 2815 1479 2868 deinde
1501 2815 1711 2885 pensatis
1743 2815 1987 2885 utriusque
2022 2814 2247 2867 methodi
2287 2814 2594 2883 compendiis
2618 2852 2637 2878 ,

1030 2832 1396 2956 dispendiisque
1417 2925 1433 2949 ,
1465 2885 1853 2954 Anarhymiasim
1880 2884 2208 2937 mercurialem
2232 2883 2501 2936 mercuriali
2538 2885 2641 2950 Hy-

1031 2954 1308 3025 drargyrosi
1342 2956 1497 3006 minus
1524 2954 1831 3008 commodam
1852 2994 1868 3019 ‚
1898 2971 2050 3006 tutam
2089 2996 2102 3015 ‚
2137 2955 2384 3006 efficacem
2418 2953 2510 3005 effe
2528 2992 2548 3016 ,
2572 2955 2643 3003 ita

1033 3027 1162 3076 evici
1191 3025 1513 3093 gravissimiS,¹
1535 3030 1587 3076 u't
1611 3028 1788 3094 opinor
1809 3064 1825 3088 ‚
1852 3029 2093 3076 rationum
2122 3032 2172 3076 &
2195 3026 2641 3094 experimentorum

1032 3097 1295 3145 momentis
1313 3133 1330 3159 ,
1348 3111 1401 3145 ur
1424 3092 1735 3163 quaestionem
1754 3090 1960 3148 semel&
1976 3097 2025 3145 in
2043 3111 2326 3165 perpetuum
2353 3090 2646 3164 persolutam

1032 3162 1127 3214 ess‘e
1162 3163 1303 3214 aufim
1334 3162 1483 3217 ferme
1519 3163 1788 3217 confidere.

1079 3260 1136 3314 (a)
1160 3262 1279 3301 rioms
1292 3289 1306 3309 ,
1320 3263 1395 3303 Lib.
1411 3264 1475 3303 111.
1500 3267 1582 3314 cap.
1600 3276 1657 3302 ιι.
