3523 3956
947 442 1035 494 '508
1226 432 1331 477 DE
1387 432 1740 476 MORBIS
1794 430 2280 476 VENERI-218.

953 494 1045 556 post
1067 506 1150 537 tem
1207 491 1311 535 teab
1323 487 1406 535 offe
1422 490 1602 549 subjer
1617 488 1757 552 sponte
1775 489 1930 540 secedit,
1943 489 2009 534 [eu
2020 492 2428 550 &filatur-,nempe
2445 490 2589 534 conffl-

956 554 1059 614 patis
1080 555 1122 595 in
1177 567 1255 595 unc
1276 550 1448 595 modum
1464 555 1510 595 δε
1523 548 1703 595 πεὶὲᾶἰς
1716 549 1820 594 illius
1843 548 2007 593 lamellae
2025 548 2134 593 fibris
2147 578 2160 595 ‚
2174 548 2378 593 necessum
2400 549 2458 591 est
2470 565 2588 593 omne

957 612 1159 672 {linguinis
1184 626 1231 654 ac
1253 609 1333 666 lym
1365 609 1425 654 hae
1449 611 1738 653 commercium
1761 610 1941 669 intercipi
1965 610 2067 652 inter
2089 608 2208 657 hanc,
2221 624 2312 668 quae
2326 607 2447 668 plan-²-
2465 625 2592 652 emot-

959 669 1122 719 tuaest,
1149 626 1417 728 subjectaliiue
1429 667 1519 712 offis
1531 667 1723 718 lamellas,
1743 684 1831 728 quae
1854 668 1932 711 viti
1954 665 2167 717 fruuntur3
2200 670 2454 728 quapropter
2486 670 2594 727 cogi-

959 744 1023 773 tur
1047 728 1212 789 lympha
1231 730 1393 771 nutritia
1416 728 1562 788 jugiter
1581 727 1908 788 appellens,ciim
1918 726 2080 770 ulterius
2092 743 2167 787 pto
2216 726 2282 771 edi
2300 742 2500 786 nequeat,
2514 727 2596 770 sub-

961 804 1021 832 ter
1044 786 1245 831 lamellam
1264 789 1452 847 guttatim
1477 785 1615 847 colligi
1631 818 1645 837 ,
1667 793 1710 831 &
1724 788 1765 830 in
1780 802 1941 830 carnem
1964 785 2102 829 sensim
2125 742 2375 830 efflrescete
2391 815 2404 832 ‚
2429 785 2594 835 firmam,

913 851 920 855 ”
962 845 1126 892 densam
1139 876 1153 896 ‚
1173 846 1385 906 granolam
1401 879 1410 893 .
1434 846 1649 901 candidam
1665 876 1680 896 ‚
1704 846 1755 890 ab
1772 844 1861 890 offis
1881 844 1962 889 fimi
1978 843 2080 888 facie
2123 845 2360 889 ullulanrem
2378 875 2392 892 ‚
2407 845 2594 904 eiquefit-

960 908 1081 950 miter
1107 904 1441 950 adhaerescentem
1455 935 1469 954 ,
1495 904 1576 964 qua
1604 903 1869 950 succrescente
1898 921 1945 948 os
1970 862 2163 948 rarioliim
2193 905 2216 948 ἂ
2246 903 2431 960 subjecto
2461 903 2595 949 sensim

962 964 1186 1015 divellitur,
1208 966 1324 1008 tanto
1344 965 1511 1024 quidem
1534 962 1695 1020 {acilius-
1711 965 1825 1024 quod
1839 963 1995 1007 lamella
2007 963 2074 1007 illa
2085 962 2347 1008 exsiccatione
2370 965 2416 1006 in
2445 962 2598 1007 brevius

961 1024 1131 1086 spatium
1152 1026 1380 1073 contracta,
1395 1023 1554 1072 locum,
1566 1039 1690 1098 quem
1708 1022 1826 1067 antea
1836 1023 2079 1084 occupabat,
2104 1027 2186 1082 jam
2206 1022 2330 1067 laxius
2349 1019 2598 1081 repleat,at-

958 1099 1041 1145 que
1063 1081 1169 1127 adeo
1189 1081 1309 1142 poffit
1329 1083 1352 1127 ὲ
1371 1081 1465 1127 sede
1477 1080 1595 1127 facile
1617 1081 1838 1127 deturbari.

1029 1148 1093 1199 5⁹.
1113 1144 1259 1186 Donec
1283 1156 1422 1203 optata
1438 1140 1574 1186 cariosi
1590 1141 1680 1186 offis
1705 1140 1911 1186 exsoliatio
1932 1139 2167 1190 successerit,
2180 1140 2328 1196 ulceris
2340 1139 2456 1184 labra
2476 1143 2600 1185 conti·

963 1203 1103 1247 nenda
1121 1200 1208 1245 sunt
1224 1231 1238 1251 ,
1264 1217 1314 1245 ne
1338 1199 1489 1245 fundus
1509 1201 1741 1262 importuna
1757 1217 1874 1245 carne
1893 1201 2118 1262 oppleatur.
2147 1199 2292 1243 Solent
2303 1201 2346 1243 in
2364 1200 2477 1245 hunc
2486 1198 2600 1244 finem

962 1260 1172 1306 admoveri
1192 1260 1368 1321 penicilli
1389 1260 1411 1304 ὲ
1429 1260 1655 1305 linamento
1676 1259 1778 1305 ficco
1801 1291 1814 1309 ‚
1836 1260 1902 1305 vel
1923 1260 1952 1303 fi
1977 1276 2071 1304 caro
2094 1257 2268 1303 nimium
2296 1258 2474 1302 luxuriet
2497 1290 2511 1309 ‚
2533 1276 2604 1302 un·

963 1334 1120 1380 guento
1147 1318 1261 1363 fusco
1291 1321 1469 1369 imbuti,
1496 1321 1610 1379 quod
1628 1318 1675 1363 fit
1698 1335 1747 1363 ex
1770 1334 1980 1380 unguento
2006 1318 2164 1363 bafilico
2189 1334 2287 1362 mm
2309 1318 2455 1362 additi
2474 1321 2600 1379 praeci·

962 1381 1076 1439 pitati
1091 1378 1200 1422 rubri
1222 1378 1310 1423 dofi
1331 1379 1438 1423 varie
1457 1379 1586 1434 varia,
1609 1379 1733 1439 prout
1751 1379 1840 1425 usus
1864 1378 1998 1423 fixerit.

1027 1444 1096 1481 6³².
1119 1437 1268 1483 Verum
1292 1438 1363 1482 ubi
1381 1438 1558 1499 primum
1581 1437 1742 1499 delapsa
1767 1438 1914 1483 cariosa
1933 1437 2090 1482 lamella
2104 1436 2239 1483 locum
2265 1437 2430 1482 cefferit
2439 1439 2546 1481 carni
2557 1439 2603 1480 ab

963 1496 1047 1541 offe
1066 1496 1160 1540 sano
1174 1495 1454 1547 succrescenti,
1478 1513 1568 1557 quae
1585 1513 1678 1542 cum
1691 1497 1834 1542 ulceris
1847 1498 1964 1542 labris
1995 1496 2212 1542 consociari
2244 1497 2372 1557 poffit
2394 1528 2409 1546 ‚
2434 1513 2497 1541 res
2523 1510 2603 1540 ton

963 1559 1130 1601 Naturae
1148 1556 1297 1600 viribus
1309 1558 1580 1617 permittenda
1599 1558 1656 1601 est
1668 1587 1681 1607 ,
1695 1558 1880 1602 cavendo
1891 1556 2046 1601 tantum
2065 1588 2078 1606 ,
2096 1571 2142 1600 ut
2166 1573 2261 1601 cato
2275 1588 2289 1606 ,
2312 1556 2343 1600 fi
2370 1556 2539 1599 mollior
2561 1554 2603 1599 fit

886 1676 888 1678 q
962 1630 1033 1661 aut
1048 1616 1360 1685 praecipitantius
1378 1615 1594 1664 excrescat,
1620 1630 1704 1660 arte
1731 1619 1993 1676 reprimatur,
2009 1632 2159 1676 nempe
2181 1616 2365 1660 alumine
2383 1615 2475 1658 usto
2488 1616 2599 1674 ,aqui

961 1674 1078 1719 calcis
1098 1704 1113 1724 ,
1183 1676 1231 1718 ua
1250 1674 1533 1735 phagedaenicz‘i
1552 1706 1566 1726 ‚
1591 1691 1801 1736 unguento
1817 1677 2039 1735 aegyptiaco
2053 1706 2066 1723 ‚
2092 1674 2271 1719 balsamo
2301 1676 2430 1719 viridi
2454 1677 2604 1718 Meten-

961 1733 1062 1778 fium
1080 1764 1093 1784 ‚
1116 1691 1291 1778 §elisame
1302 1732 1413 1778 fusco
1428 1735 1576 1795 dequo
1592 1736 1720 1780 modo
1742 1765 1754 1785 ,
1783 1734 2007 1794 caeterisque
2023 1733 2158 1778 sunnis
2181 1733 2384 1778 efficaciae.

1025 1802 1097 1847 7⁰.
1126 1796 1284 1837 Interea
1300 1808 1392 1838 toto
1412 1797 1629 1840 curationis
1646 1795 1799 1844 stadio,
1822 1810 1878 1838 ιο.
1900 1792 2125 1853 Dyscrafia,
2150 1791 2178 1837 fi
2227 1793 2278 1836 ua*
2293 1792 2458 1853 languis
2483 1789 2607 1835 forsan

964 1855 1190 1914 peccaverit
1197 1883 1212 1903 ,
1239 1851 1380 1898 iisdem
1398 1855 1583 1898 remediis
1600 1854 1857 1899 emendanda
1875 1854 1952 1903 est,
1965 1854 2019 1898 de
2038 1853 2183 1912 quibus
2219 1852 2320 1913 upra
2334 1883 2349 1902 ,
2365 1868 2443 1896 nec
2468 1849 2610 1895 semel:
2631 1854 2635 1858 “

961 1924 1028 1958 2⁰.
1052 1914 1174 1972 AEger
1187 1911 1304 1973 parce
1318 1912 1551 1958 nutriendus
1564 1944 1577 1963 ‚
1591 1930 1738 1975 nempe
1751 1911 1842 1957 solis
1851 1912 2009 1973 jusculis
2027 1927 2093 1956 aut
2114 1911 2376 1956 dilutior-ibus
2387 1910 2609 1972 panatellis.

960 1971 993 2014 fi
1021 1971 1045 2015 εὶ
1060 1968 1176 2014 febre
1190 1988 1276 2015 non
1287 1987 1424 2022 vacet3
1447 1971 1536 2016 offis
1557 1975 1680 2022 vero,
1704 1972 1770 2017 vel
1792 1972 1907 2031 quod
1921 1972 2094 2031 praestat,
2118 1970 2215 2016 lacte
2230 1973 2431 2017 vaccino,
2451 1969 2481 2013 fi
2502 1967 2606 2013 febre

963 2043 1119 2074 careat:
1152 2038 1215 2084 30.
1239 2033 1462 2076 Inurendus
1483 2048 1585 2075 unus
1600 2047 1669 2076 aut
1682 2031 1779 2076 alter
1801 2030 2045 2078 fonticulus,
2056 2043 2102 2074 ut
2118 2046 2206 2091 pars
2220 2031 2430 2092 peccantis
2442 2029 2610 2090 lympha

967 2089 1188 2133 abducatur
1210 2107 1221 2132 ι
1244 2097 1315 2139 4⁰.
1339 2092 1574 2149 Caetetaque
1600 2092 1739 2134 omnia
1760 2090 2000 2134 auxiliorum
2035 2105 2184 2150 genera
2213 2088 2453 2134 adhibenda
2484 2120 2497 2138 ,
2526 2103 2607 2147 qua*

968 2149 1255 2251 ώίτῗεητοωπζιι
1273 2152 1531 2194 concoctioni
1544 2181 1557 2199 ,
1573 2149 1774 2211 sanguinis
1788 2151 2006 2211 integritati
2019 2154 2062 2193 &
2075 2151 2196 2193 animi
2209 2148 2482 2208 corporisque
2491 2149 2609 2208 quieti

1053 2223 1125 2251 unt
1147 2223 1225 2252 con
1258 2225 1383 2252 ueere.

963 2224 1021 2269 po
1035 2275 1094 2316 8ο.
1115 2266 1316 2311 Caeterum
1328 2297 1342 2315 ‚
1360 2267 1388 2311 fi
1401 2269 1523 2312 caries
1546 2270 1588 2313 in
1601 2269 1817 2327 majoribus
1838 2283 1995 2313 artuum
2008 2266 2154 2311 ombus
2170 2266 2220 2310 ad
2243 2266 2472 2311 medullam
2495 2264 2608 2324 usque

967 2329 1259 2395 penetraverit.
1277 2326 1430 2371 necesse
1446 2328 1502 2371 est
1517 2344 1602 2372 non
1623 2329 1752 2372 modo
1775 2326 1959 2373 affectam
1973 2326 2064 2370 ossis
2076 2339 2233 2386 partem
2259 2327 2419 2371 terebri
2432 2326 2609 2386 pluribus

964 2401 1007 2430 m
1034 2384 1132 2429 locis
1156 2384 1351 2445 perforati
1370 2417 1383 2436 ,
1406 2401 1450 2429 ut
1474 2402 1709 2431 extenuetur
1734 2419 1747 2437 ,
1772 2386 1841 2432 sed
1875 2388 1998 2437 etiam
2025 2384 2306 2429 intermediam
2341 2383 2607 2444 inrermpedi-

966 2460 1087 2491 nem,
1108 2460 1197 2503 quae
1217 2447 1320 2488 inter
1341 2444 1541 2489 foramina
1559 2448 1815 2503 interficitur,
1833 2445 1987 2506 scalpro
2012 2460 2092 2505 ope
2125 2443 2257 2488 mallei
2286 2444 2476 2505 plumbei
2501 2460 2605 2487 com-

966 2504 1097 2547 minui
1120 2508 1164 2547 &
1187 2502 1383 2574 dissipari,
1408 2520 1452 2547 ut
1471 2501 1577 2549 facili
1600 2510 1641 2550 δε
1657 2505 1840 2566 expedita
1861 2505 1923 2549 {ria
1945 2503 2092 2566 possinr
2106 2502 2194 2547 tum
2211 2506 2342 2547 emitti
2379 2519 2459 2565 pus
2483 2507 2526 2546 δι
2556 2502 2606 2546 sa-

965 2564 1078 2612 nies,
1103 2578 1193 2621 quae
1212 2564 1320 2607 intus
1345 2563 1546 2609 latebantz
1573 2564 1662 2608 tum
1683 2567 1921 2620 injectiones
1941 2570 1984 2608 ὅ(
2006 2578 2211 2623 unguenta
2238 2565 2408 2607 immitti
2431 2593 2445 2612 ,
2469 2562 2605 2621 quibus

967 2622 1198 2666 medullaris
1223 2620 1313 2666 offis
1334 2624 1481 2666 cavitas
1508 2622 1660 2668 eluatur
1673 2655 1685 2673 ‚
1717 2626 1969 2683 detergatur,
1984 2623 2212 2667 mundetur.
2230 2625 2285 2666 At
2299 2624 2402 2667 vero
2418 2619 2532 2665 simul
2544 2637 2609 2664 cn-

965 2682 1140 2726 randum
1154 2682 1226 2727 est,
1256 2695 1301 2724 ut
1321 2679 1420 2726 dum
1436 2681 1527 2727 offis
1548 2682 1726 2728 medulla
1738 2684 1793 2727 ad
1804 2684 2050 2727 sanationem
2061 2696 2252 2741 properat
2264 2712 2279 2731 ,
2293 2680 2510 2725 exfoliatio
2519 2696 2610 2740 pro-

965 2753 1179 2784 moveatur
1197 2742 1238 2782 in
1252 2754 1343 2784 toto
1356 2740 1446 2784 offis
1470 2742 1621 2787 ambitu
1636 2773 1650 2793 ,
1665 2759 1717 2785 ne
1733 2743 1837 2802 quid
1857 2743 2119 2785 curationem.
2139 2742 2317 2785 retardet
2335 2772 2348 2792 ,
2375 2747 2421 2785 δ(
2448 2754 2494 2783 ut
2519 2755 2609 2782 con-

963 2799 1120 2843 sociatis
1141 2800 1347 2850 carnibus,
1373 2816 1464 2860 quae
1483 2803 1662 2861 undique
1682 2800 1950 2850 succrescunt,
1980 2800 2127 2860 poffint
2153 2802 2294 2844 omnia
2308 2800 2360 2844 ad
2385 2800 2609 2844 cicatricem
2654 2838 2657 2841 .

964 2859 1051 2918 pari
1075 2857 1182 2918 passu
1204 2858 1369 2903 tendere
1383 2890 1398 2908 ,
1419 2865 1533 2919 cujus
1551 2860 1729 2905 firmitati
1750 2860 2039 2906 consulendum
2066 2862 2140 2905 erit
2159 2858 2304 2903 iisdem
2333 2859 2607 2907 cantionibus,

913 2934 917 2937 ·
963 2932 1064 2976 quas
1080 2917 1209 2961 mode>
1223 2917 1500 2963 recensuimus.

1025 2985 1097 3030 9⁰.
1121 2977 1248 3020 Porro
1267 2990 1426 3027 tamen,
1450 2977 1477 3020 fi
1499 2978 1621 3023 caries
1632 2977 1889 3039 spongiosum
1911 2973 2219 3034 offiscujusdam
2241 2977 2477 3039 grandioris
2497 2990 2612 3039 caput

960 3049 1045 3079 tam
1057 3034 1135 3080 alte
1151 3051 1344 3096 occupet,
1358 3050 1403 3080 ut
1421 3037 1529 3082 nulla
1553 3037 1600 3082 fit
1614 3036 1885 3082 exfoliationis
1905 3038 1989 3098 spes
2005 3036 2061 3088 §fi
2074 3039 2308 3082 interiorem
2336 3037 2430 3081 offis
2455 3038 2610 3082 medul-

957 3093 1040 3139 lam
1053 3093 1144 3139 labe
1158 3094 1300 3139 afficiat
1311 3128 1324 3146 ,
1335 3112 1425 3155 quae
1439 3095 1486 3141 fit
1505 3097 1813 3142 immedicabilis
1828 3115 1840 3147 3
1856 3097 1921 3140 vcl
1939 3095 1966 3140 fi
1988 3112 2091 3155 aeger
2107 3097 2256 3141 viribus
2270 3095 2484 3141 exhaustus
2509 3113 2607 3140 mar-

959 3169 1054 3197 core
1069 3184 1081 3200 ‚
1096 3158 1139 3198 δε
1151 3152 1263 3199 febre
1283 3154 1436 3202 hest-icil
1459 3156 1735 3205 contabescat,
1750 3155 1858 3202 nefas
1878 3154 1954 3200 esse
1973 3171 2074 3216 puto
2098 3157 2150 3200 ad
2173 3158 2427 3200 curationem
2449 3155 2608 3202 metho-

957 3213 1092 3259 dicam
1115 3216 1280 3274 aggredi
1294 3245 1311 3266 ‚
1332 3218 1419 3262 tum
1451 3233 1506 3262 ne
1527 3233 1591 3263 ars
1610 3215 1829 3263 infametur
1850 3218 2071 3272 temeritate
2091 3246 2108 3268 ,
2138 3217 2226 3261 nim
2246 3216 2364 3276 quod
2388 3215 2520 3276 pluris
2536 3216 2610 3261 est,
