3523 3956
1192 463 1294 568 {llis
1312 507 1480 567 frustra
1497 444 1711 584 requirat}
1739 441 2201 565 [Raibffimlaunemgul
2222 442 2423 565 aclJterum
2441 510 2572 583 justae
2588 513 2819 586 amplitu-

1200 583 1335 639 dinis
1356 622 1372 649 ,
1400 602 1500 654 quo
1527 578 1806 636 morbor‘um
1827 586 2043 650 omnium
2066 585 2288 639 tra&atio
2304 600 2394 652 pro
2416 589 2692 654 argumenti
2707 602 2822 656 gra-

1203 657 1360 707 vitate
1389 669 1673 724 exponatur.
1718 651 1889 704 Multae
1914 651 2112 723 quidem
2137 668 2398 704 occurrunt
2416 653 2822 707 Differtatiuncu-

1200 723 1260 777 1ae
1282 723 1348 777 de
1370 742 1469 776 uno
1501 724 1686 776 tantum
1702 738 1785 774 aut
1806 721 1962 773 altero
1988 721 2163 773 morbo
2190 739 2400 774 venereo
2425 763 2438 782 ,
2464 720 2547 774 sed
2569 722 2698 776 leves
2713 761 2729 789 ,
2753 723 2823 792 je·

1201 791 1349 863 juttae,
1371 793 1689 846 tumultuariae
1709 830 1725 857 ,
1740 795 1792 843 in
1809 790 1981 862 quibus
1997 794 2080 844 vix
2101 790 2279 843 summa
2296 809 2453 844 rerum
2471 796 2631 862 capita
2654 793 2821 846 obiter

1201 861 1604 934 perstringuntur.
1646 864 1706 915 In
1727 859 1965 932 plerisque
1986 879 2019 913 o
2054 864 2273 912 inionum
2303 879 2581 914 commenta
2607 866 2821 933 reperire

1203 931 1273 986 est
1293 932 1407 985 ante
1436 932 1653 985 inaudita
1669 969 1685 996 ,
1712 930 1978 1000 Hypotheses
2000 880 2175 983 dicunt
2202 972 2213 989 ‚
2232 926 2403 1001 quibus
2422 931 2575 1000 palam
2594 931 2660 983 est
2683 932 2821 1002 supe-

1201 1005 1333 1055 riore
1357 1001 1549 1067 seculo,
1579 999 1684 1072 post
1717 999 1958 1052 excussum
1981 1001 2313 1071 Antiquorum
2328 998 2494 1071 jugum
2511 1040 2529 1065 ,
2555 1002 2655 1071 plus
2678 1020 2821 1073 aequo

1202 1088 1346 1143 capta
1370 1079 1418 1123 δι
1437 1070 1644 1125 delinita
1665 1069 1801 1122 fuisse
1825 1069 2137 1122 Medicorum
2158 1074 2355 1141 ingenia
2378 1109 2394 1135 ,
2420 1073 2528 1122 cum
2545 1074 2821 1125 aufioritati

1202 1157 1430 1212 paterent
1450 1143 1635 1204 minus,
1660 1138 1868 1192 necdum
1890 1143 2071 1191 rationi
2097 1147 2148 1190 &
2180 1143 2492 1209 experientiae
2524 1141 2714 1193 noss‘ent
2736 1160 2821 1212 pa-

1134 1259 1138 1262 .
1203 1229 1310 1264 rere
1330 1211 1457 1264 satis.
1502 1211 1713 1264 Demum
1737 1210 1765 1262 ὲ
1800 1224 1875 1261 tot
1909 1209 2237 1279 Scriptoribus
2260 1227 2324 1263 ne
2352 1209 2550 1280 quidem
2569 1228 2690 1264 unus
2712 1213 2822 1266 the-

1204 1285 1415 1351 rapeiam
1442 1279 1772 1333 mercurialem
1791 1280 2014 1330 accurate
2033 1278 2308 1331 describere
2330 1317 2346 1342 ,
2378 1279 2632 1350 variosque
2649 1281 2822 1351 scopu-

1204 1350 1276 1402 los
1295 1389 1311 1415 ,
1340 1368 1426 1421 per
1488 1367 1574 1401 uos
1598 1349 1787 1401 medios
1810 1348 2027 1419 regenda
2051 1347 2118 1400 est
2143 1387 2159 1414 ‚
2191 1348 2456 1420 diligenter
2479 1349 2713 1420 detegere
2741 1368 2822 1403 cu-

1204 1424 1331 1472 ravit
1354 1438 1370 1480 ’,
1398 1368 1485 1471 sed
1499 1418 1631 1471 suum
1659 1417 1828 1489 {iuguli
1855 1436 2082 1469 arcanum
2115 1419 2381 1470 remedium
2411 1420 2670 1489 magnifice
2705 1438 2825 1472 ven·

1203 1489 1368 1542 ditant
1382 1525 1399 1547 ,
1458 1488 1558 1541 uod
1576 1502 1807 1559 tanquam
1824 1503 2009 1539 certum
2025 1526 2041 1551 ,
2066 1487 2319 1539 indubium
2337 1526 2354 1551 ‚
2366 1488 2736 1540 efficacissimum
2748 1493 2820 1542 ita

1201 1560 1347 1611 enix'e
1370 1576 1431 1610 co
1494 1558 1647 1610 udant
1668 1596 1684 1621 ,
1715 1574 1766 1609 ut
1784 1558 1866 1627 ips1
1883 1557 2124 1609 occultam
2143 1560 2194 1608 in
2222 1557 2439 1609 laudibus
2461 1556 2677 1609 fraudem
2710 1576 2821 1629 ape-

1201 1631 1363 1688 riant,
1395 1646 1452 1680 ac
1470 1627 1732 1697 planissime
1755 1627 2012 1697 defignent
2037 1630 2188 1694 (11)st
2214 1631 2286 1689 sui
2306 1627 2484 1696 quaesttis
2518 1631 2649 1678 causd
2663 1628 2817 1696 filfis

1185 1700 1409 1767 fiescitare
1407 1700 1681 1767 sententias,
1699 1713 1791 1747 nec
1807 1696 1902 1746 alio
1917 1695 2115 1747 consilio
2126 1694 2229 1748 suas
2250 1695 2496 1748 Diatribas
2509 1695 2816 1767 scriptitass'e,

1203 1767 1290 1817 nisi
1316 1782 1370 1817 ut
1402 1782 1584 1818 arcano
1613 1764 1697 1817 suo
1719 1763 1990 1816 lucriferam
2011 1764 2339 1817 celebritatem
2363 1782 2717 1836 compararent.

1269 1838 1487 1889 Utantur
1509 1851 1608 1887 tam
1626 1832 1926 1904 praeposteris
1943 1834 2126 1886 artibus
2145 1836 2192 1885 A
2199 1851 2352 1906 gyrtae
2374 1841 2422 1886 δε
2440 1835 2770 1888 Circulatores
2791 1875 2830 1902 ,,

1204 1904 1297 1972 (b)
1326 1923 1509 1975 quoram
1528 1905 1728 1965 stultitia
1757 1905 1933 1973 quastus
1963 1905 2242 1973 impudentia
2260 1905 2329 1969 est.
2352 1904 2452 1957 Sed
2471 1905 2534 1956 ab
2557 1905 2727 1957 iisdem
2747 1905 2821 1958 se-⁴

1203 1974 1321 2027 dulo
1343 1974 1442 2026 sese
1474 1972 1747 2026 abstineant
1775 1972 1923 2025 velim
1950 2011 1966 2037 ,
1991 1976 2267 2044 quicunque
2290 1973 2458 2045 gloriae
2485 1974 2653 2043 cupidi
2680 1975 2817 2027 famae

1203 2043 1462 2096 consulunt
1486 2083 1502 2109 ,
1531 2046 1808 2114 quicunque
1843 2045 2060 2094 veritatis
2092 2041 2300 2095 cultores
2332 2050 2381 2094 &
2413 2043 2594 2095 fraudis
2627 2047 2818 2096 inimici

1203 2113 1482 2166 concivium
1512 2113 1834 2164 incolumitati
1851 2110 2044 2164 student
2060 2130 2118 2164 ex
2135 2116 2316 2164 animo.
2360 2115 2469 2177 Qua
2506 2128 2670 2183 ropter
2690 2115 2821 2185 aegre

1201 2184 1309 2237 fero
1330 2182 1359 2234 ὲ
1382 2184 1642 2254 Chirurgis
1658 2200 1761 2234 non
1781 2184 1943 2252 paucis
1962 2221 1978 2246 ,
1997 2182 2024 2233 a
2047 2180 2263 2234 Medicis
2285 2183 2470 2234 nonnul
2493 2187 2530 2234 is
2550 2185 2728 2234 exteris
2746 2222 2762 2248 ,
2788 2184 2819 2235 ἰι

1203 2252 1518 2305 Medicorum
1542 2250 1823 2303 nostratium
1852 2268 1951 2302 uno
1976 2267 2058 2302 aut
2082 2250 2238 2302 altero
2257 2289 2274 2316 ,
2311 2269 2486 2303 arcana
2512 2254 2721 2322 proponi
2746 2270 2823 2304 re-

1203 2321 1368 2375 media
1383 2361 1399 2386 ,
1423 2340 1627 2392 quorum
1645 2324 2044 2391 praeparationem
2068 2319 2133 2372 de
2159 2319 2392 2372 industria
2416 2320 2578 2373 celant
2597 2361 2613 2386 ,
2632 2337 2684 2372 ut
2701 2322 2822 2374 inef-

1204 2392 1425 2445 ficaciam
1445 2409 1545 2442 non
1574 2391 1787 2461 prodant
1800 2430 1815 2454 ,
1835 2389 1918 2441 sed
1936 2389 2107 2461 quibus
2128 2407 2291 2441 amant
2314 2389 2535 2443 credulos
2553 2390 2687 2462 vulgi
2712 2395 2819 2443 ani-

1205 2479 1313 2514 mos
1336 2460 1604 2524 ludificari,
1628 2479 1731 2513 non
1753 2461 1850 2511 sine
1866 2458 1985 2511 lucri
2014 2463 2218 2529 turpiter
2236 2461 2415 2530 quaefiti
2432 2459 2644 2512 infamia.

1275 2529 1497 2584 Abunde
1528 2529 1752 2582 indicant
1773 2568 1790 2593 ‚
1825 2547 1931 2599 quae
1963 2530 2188 2581 hactenus
2218 2531 2438 2599 ptaefatus
2460 2528 2557 2580 sum
2579 2569 2595 2595 ‚
2629 2545 2816 2601 quanto

1204 2598 1311 2672 jure
1330 2601 1357 2651 ὲ
1392 2598 1608 2651 Medicis
1623 2602 1737 2650 artis
1765 2597 1855 2651 suae
1880 2597 2095 2650 studiosis
2120 2598 2418 2650 desideretur
2437 2600 2574 2669 Opus
2602 2618 2781 2651 novum
2798 2639 2818 2666 ‚

1206 2669 1272 2722 de
1289 2669 1465 2721 eodem
1493 2684 1782 2740 argumento
1804 2667 2114 2738 diligentiu5‚
2139 2668 2275 2719 fufius
2292 2701 2305 2724 ‚
2338 2667 2538 2720 meliore
2567 2668 2666 2721 fide
2696 2687 2821 2721 con-

1203 2739 1434 2810 scriptum
1457 2759 1467 2791 ι
1501 2741 1574 2791 At
1603 2738 1721 2790 vero
1748 2737 1970 2790 indicant
1989 2737 2158 2790 eadem
2181 2737 2312 2789 simul
2332 2776 2348 2802 ,
2368 2755 2546 2808 quanta
2569 2740 2623 2790 fit
2639 2740 2821 2808 Operis

1202 2809 1327 2862 illius
1356 2807 1647 2879 magnitudo
1665 2824 1813 2878 atque
1832 2807 2120 2873 difficultas,
2145 2814 2193 2857 &
2216 2822 2336 2877 quot
2367 2807 2521 2858 adsint
2541 2823 2822 2878 quantaque

1203 2880 1233 2933 ὲ
1261 2876 1434 2949 quibus
1461 2879 1702 2947 Scriptori
1719 2876 1990 2930 cavendum
2007 2878 2061 2929 sit
2079 2916 2096 2944 ‚
2122 2878 2154 2928 si
2178 2879 2416 2929 curaverit
2445 2881 2709 2948 peritorum
2735 2896 2824 2930 vo-

1202 2952 1267 3002 tis
1291 2948 1451 3000 facere
1475 2945 1601 2998 satis.

1272 3017 1461 3071 Profuit
1479 3017 1602 3068 mihi
1622 3016 1727 3068 haec
1753 3019 1918 3069 omnia
1937 3018 2064 3087 prius
2087 3015 2309 3085 perceptffi
2338 3030 2468 3087 atque
2483 3020 2632 3066 animo
2649 3037 2820 3067 mecum

1207 3089 1312 3138 ant}
1334 3086 1541 3158 peregtffi
1559 3126 1576 3152 ‚
1609 3087 1754 3159 quam
1782 3086 1847 3139 ad
1884 3086 2193 3139 scribendum
2226 3090 2438 3139 animum
2468 3087 2645 3158 appuli.
2689 3087 2819 3140 Inde

1249 3205 1303 3252 (a)
1326 3205 1456 3243 Cicero
1472 3232 1485 3250 ,
1503 3217 1537 3243 ι.
1556 3205 1595 3241 de
1608 3207 1768 3243 Divina.
1789 3217 1846 3254 ¹3·
1858 3218 1900 3243 ex
1913 3203 2044 3244 Ennio.

1255 3255 1305 3301 (b)
1334 3253 1520 3301 Phaedrus,
1541 3256 1617 3294 Lib.
1647 3270 1680 3294 ι.
1702 3256 1782 3296 fab.
1814 3267 1870 3299 14.
