3523 3956
727 660 927 717 Quomodo

717 722 847 766 ‘primae
874 724 920 749 ex

725 758 794 795 illis
837 759 947 800 eaufis-

727 808 941 896 zedendum

976 435 1057 489 506
1256 430 1359 488 DE
1420 426 1771 477 MORBIS
1828 427 2296 474 VENEREIS.
2580 485 2583 488 .

965 492 1011 534 in
1034 487 1270 550 glandulosa‘i
1281 503 1393 549 parte
1412 487 1603 540 insideat,
1625 489 1652 532 li
1674 488 1816 534 ulceris
1848 488 1946 532 basis
1973 488 2206 533 skirrbodes
2227 487 2280 532 'sit
2308 518 2323 538 ,
2350 485 2379 531 si
2446 487 2613 534 lan'duloe

966 547 1053 593 aliae
1064 578 1078 598 ,
1097 546 1179 592 five
1196 548 1319 594 ulceri
1340 547 1521 593 confines
1538 579 1554 600 ‚
1576 547 1659 593 [ive
1677 550 1721 592 in
1742 549 1827 594 aliis
1851 547 1951 593 locis
1971 547 2050 593 fitae
2063 578 2078 595 ‚
2090 545 2208 592 simili
2219 562 2385 592 tumore
2453 548 2606 594 'rrhode

970 608 1169 653 laborent.

1022 670 1088 712 De
1109 666 1233 711 tribus
1249 665 1399 712 ultimis
1420 666 1543 712 eaufis
1561 682 1658 712 mox
1679 682 1844 727 agemus
1878 666 2050 711 articulis
2088 665 2357 727 sequentibus.
2397 669 2523 711 Nunc
2556 667 2606 711 de

966 727 1095 832 primii
1116 741 1272 772 tantum
1292 726 1409 771 causa
1427 727 1567 772 ulceris
1591 727 1762 772 chironii
1773 727 1937 787 quaestio
1966 727 2022 770 est
2035 757 2048 774 ‚
2072 742 2220 788 nempe
2237 727 2293 772 de
2315 724 2499 771 fistulofis
2513 725 2610 771 finu-

996 804 1056 832 us.

1032 846 1203 892 Certum
1232 846 1288 889 est
1308 845 1642 892 &indubitatum
1668 846 1893 905 Chirurgiae
1924 843 2089 890 axioma'
2151 846 2293 891 ulnera
2337 845 2526 892 u1cerave
2554 861 2613 902 tu-

971 905 1050 950 tius
1064 936 1078 955 ,
1097 905 1288 967 citiusque
1304 921 1515 965 nunquam
1533 905 1658 950 sanari
1672 906 1818 949 caeteris
1839 905 1998 966 paribus
2010 935 2023 953 ,
2047 922 2100 964 qu
2128 923 2168 950 m
2188 905 2289 950 dum
2301 905 2469 950 reclufis
2497 906 2611 950 reces-

970 964 1075 1010 fibus
1099 967 1252 1015 cunffis
1267 967 1405 1009 omnia
1419 962 1567 1009 suntin
1617 963 1829 1026 topatulo,
1851 969 1897 1010 δε
1919 966 1975 1008 ita
2000 963 2120 1009 obvia
2140 980 2184 1010 ut
2240 981 2287 1008 us
2302 964 2453 1009 nullibi
2465 965 2611 1017 latent,

968 1023 1203 1086 fingulaque
1223 1024 1312 1068 loca
1322 1022 1550 1086 supputari,
1600 1026 1724 1085 etergi
1737 1055 1750 1074 ,
1772 1023 1907 1068 elui&
1923 1025 2110 1068 mundari
2131 1023 2208 1069 faci
2223 1026 2246 1069 ὲ
2259 1023 2427 1084 roffint.

1026 1088 1167 1144 Itaque
1192 1100 1207 1127 1
1219 1091 1259 1127 θ.
1282 1085 1322 1127 Si
1340 1083 1559 1128 commode
1577 1082 1697 1144 poffit
1716 1082 1801 1127 fieri
1814 1113 1829 1134 ,
1853 1081 1954 1127 linus
1967 1099 2110 1128 omnes
2129 1087 2440 1143 quanticunque
2465 1081 2542 1127 sint
2554 1085 2609 1128 in-

966 1145 1131 1190 cidendi
1141 1174 1154 1194 ,
1171 1142 1378 1187 forficibus
1390 1143 1572 1203 quidem,
1586 1140 1613 1185 fi
1632 1143 1818 1193 cutanei3
1841 1141 2025 1203 scalpello
2039 1174 2052 1193 ‚
2073 1141 2231 1198 bq'liouri
2241 1143 2359 1188 dicto
2371 1173 2385 1192 ,
2399 1144 2518 1202 quod
2536 1143 2611 1203 spe-

965 1204 1061 1249 cillo
1074 1202 1223 1248 sulcato
1241 1204 1284 1246 in
1299 1201 1404 1246 finus
1415 1200 1589 1247 immilso
1609 1217 1653 1245 re
1683 1215 1771 1246 atur
1786 1233 1799 1252 ‚
1813 1200 1840 1246 fi
1854 1201 2013 1246 altiores
2034 1200 2207 1254 fuerint;
2227 1202 2424 1261 labraque
2437 1202 2608 1263 pendula

964 1264 1062 1310 hinc
1087 1268 1131 1308 &
1154 1262 1251 1306 inde
1263 1261 1554 1311 resecanda‚ut
1576 1262 1628 1306 ad
1722 1263 1821 1306 dum
1844 1260 1998 1305 facilior
2017 1275 2148 1322 pateat
2168 1264 2313 1307 aditus.

1031 1331 1101 1367 2⁰.
1127 1322 1281 1366 Praestat
1307 1336 1443 1365 tamen
1468 1320 1714 1380 aliquando,
1732 1335 1777 1366 ut
1805 1320 1970 1365 sectioni
1995 1334 2178 1382 parcatur
2193 1350 2204 1367 ,
2220 1320 2340 1365 filon
2375 1322 2438 1363 ior
2455 1318 2557 1363 linus
2567 1320 2610 1363 ad

970 1380 1196 1444 oppositam
1215 1393 1379 1442 partem·
1395 1379 1581 1440 proxime
1600 1382 1792 1440 attingat,
1813 1397 1861 1425 ex
1883 1379 2052 1425 adverso
2073 1397 2095 1423 a
2126 1395 2299 1424 ermram
2339 1396 2460 1423 acere
2481 1411 2494 1429 ,
2512 1381 2611 1424 unde

969 1444 1134 1502 gemina
1152 1454 1286 1500 pateat
1310 1441 1374 1484 via
1393 1441 1480 1500 puri
1501 1440 1728 1483 exiturienti
1740 1471 1754 1491 ,
1776 1438 1911 1485 facilis
1929 1457 1979 1483 ue
2002 1438 2046 1483 fit
2071 1395 2178 1485 ul’trb
2198 1440 2389 1499 citroque
2416 1455 2612 1483 commea-

970 1516 1032 1605 ἕης
1045 1532 1064 1603 ,ι
1066 1513 1143 1603 ὲιιῑά
1141 1501 1279 1543 omnia
1293 1497 1440 1560 poffint
1452 1499 1733 1557 injectionibus
1746 1498 1874 1562 probe
1896 1456 1974 1543 {lui
1987 1530 2000 1549 ‚
2027 1504 2071 1543 ὃ(
2083 1498 2260 1544 inuniffis
2270 1498 2606 1543 medicaminibus

990 1576 1048 1604 aci
1146 1572 1227 1603 etet
1258 1574 1283 1602 1.

987 1642 991 1646 ·
1034 1628 1100 1673 3⁰.
1119 1575 1256 1674 Qec?
1269 1617 1298 1661 fi
1319 1617 1460 1662 ulceris
1477 1616 1569 1662 litus
1588 1648 1601 1664 ‚
1627 1617 1848 1677 partiumi're
1865 1619 2131 1677 adjacentium
2156 1632 2299 1661 namra
2327 1632 2524 1661 neutrum
2534 1632 2609 1677 per·

968 1679 1126 1727 mittat,
1145 1676 1279 1721 saltem
1304 1676 1461 1721 necesse
1485 1677 1541 1721 est
1561 1677 1707 1721 ostium
1732 1676 1838 1721 sun‘is
1857 1679 1912 1721 ita
1932 1676 2095 1723 dilatare
2120 1676 2310 1738 scalpello
2339 1677 2439 1721 hinc
2457 1682 2502 1722 &
2519 1677 2611 1725 inde,

969 1737 1035 1781 vel
1048 1736 1222 1794 admotis
1240 1736 1497 1781 cathaereticis
1521 1738 1576 1780 ita
1593 1736 1782 1797 ampliare
1802 1766 1815 1783 ‚
1839 1751 1884 1781 ut
1908 1734 2058 1782 fundus
2085 1736 2210 1781 oculis
2237 1768 2250 1787 ,
2271 1737 2420 1797 digitis
2457 1767 2470 1786 ,
2500 1752 2613 1779 temt-

973 1796 1052 1841 diis
1079 1794 1196 1840 facile
1220 1795 1363 1840 obvius
1387 1795 1457 1839 fiat
1482 1813 1495 1846 ;
1518 1793 1782 1865 affessamque
1828 1810 1952 1841 artem
1970 1799 2022 1841 ita
2035 1796 2113 1842 deli
2145 1813 2210 1840 are
2224 1826 2238 1846 ,
2252 1800 2298 1840 δε
2317 1798 2362 1839 in
2377 1812 2432 1839 eo
2452 1796 2524 1839 situ
2537 1797 2614 1839 reti-

972 1871 1070 1900 nere
1083 1886 1096 1905 ,
1112 1854 1143 1899 fi
1161 1854 1278 1900 liceat
1290 1869 1371 1905 ,.ut
1387 1854 1410 1899 :l
1428 1853 1560 1900 fundo
1585 1853 1691 1899 finfis
1717 1871 1760 1899 in
1777 1871 1804 1916 p
1821 1871 1936 1915 agam
1956 1859 2019 1900 via
2041 1813 2204 1900 decfivis
2222 1854 2270 1899 fit
2295 1857 2392 1916 puri
2418 1854 2614 1899 effluxum.

1035 1924 1107 1968 40.
1129 1916 1181 1958 lis
1198 1917 1253 1958 ita
1272 1917 1513 1976 compararis
1526 1929 1614 1959 tota
1626 1915 1766 1959 ulceris
1783 1912 1903 1959 facies
1934 1931 1982 1958 ex
2006 1931 2090 1960 arte
2126 1915 2389 1976 supputanda
2427 1915 2611 1975 digestivo

977 1972 1174 2035 fimplici,
1192 1973 1257 2016 vel
1286 1989 1378 2017 curn
1401 1973 1497 2017 oleo
1519 1974 1724 2035 hyperici,
1745 1975 1831 2018 imo
1855 1991 1945 2019 cum
1972 1975 2141 2019 tinctura
2159 1973 2334 2033 myrrha:
2356 2005 2371 2024 ,
2398 1972 2430 2017 fi
2458 1974 2616 2017 odorem

980 2032 1100 2094 spiret
1128 2031 1316 2076 foetidum
1340 2037 1385 2077 ὃ(
1403 2033 1718 2093 graveolentem‚
1740 2050 1785 2078 ac
1817 2034 1997 2079 colorem
2038 2034 2277 2085 sublividum
2322 2050 2408 2093 ptae
2444 2032 2484 2077 se
2517 2032 2615 2077 flur.

981 2091 1119 2151 Postea
1137 2093 1284 2135 iteratis
1303 2092 1587 2144 iniedkionibus
1602 2092 1774 2136 eluenda
1802 2122 1814 2142 ‚
1840 2110 1989 2154 nempe
2013 2093 2184 2138 decoao
2202 2093 2353 2137 hordei
2378 2110 2479 2137 cum
2512 2091 2616 2137 melle

977 2149 1166 2201 rosaceo,
1193 2153 1366 2196 demeto
1386 2153 1617 2213 agrimoniae
1636 2182 1649 2200 ‚
1676 2152 1853 2211 hyperici
1874 2184 1887 2204 ,
1908 2153 2130 2211 betonica=‚
2154 2152 2313 2213 bugulae
2331 2157 2432 2203 &c;
2449 2152 2615 2196 &balsi-

977 2226 1051 2256 mo
1064 2211 1188 2254 Arcaei
1212 2212 1385 2254 curanda
1403 2242 1415 2260 ,
1436 2227 1612 2271 quocum
1629 2210 1657 2254 fi
1682 2226 1818 2256 carnes
1846 2211 2130 2258 luxuriaverint
2152 2242 2165 2260 ‚
2193 2213 2383 2273 proderit
2410 2210 2614 2255 admiscere

978 2268 1194 2314 balsamum
1220 2269 1349 2314 viride
1364 2269 1560 2314 Metense.
1592 2270 1723 2325 Qod
1737 2269 1764 2313 fi
1781 2286 1918 2316 carnes
1937 2271 2142 2316 molliores
2172 2275 2217 2317 &
2252 2268 2449 2331 fungosae
2469 2271 2619 2315 videan-

977 2344 1068 2379 tur,
1092 2345 1135 2373 re
1165 2331 1359 2373 rimentur
1382 2329 1549 2389 pulvere
1576 2329 1752 2390 insperso
1776 2329 1962 2374 aluminis
1982 2330 2055 2374 usti
2075 2362 2087 2380 ‚
2105 2330 2167 2374 vel
2192 2330 2268 2374 levi
2292 2331 2453 2374 atta&
2489 2330 2619 2390 lapidis

976 2388 1110 2433 infern
1150 2390 1205 2439 is;
1232 2405 1276 2432 ac
1301 2389 1465 2432 demum
1494 2390 1651 2432 cicatrix
1671 2388 1930 2433 advocabitur
1951 2388 2203 2451 appositione
2223 2389 2448 2433 linamenti
2473 2392 2620 2451 carpti,

979 2463 1048 2492 aut
1066 2447 1138 2492 usu
1165 2448 1339 2508 pulveris
1368 2447 1643 2491 terebinthinae
1669 2449 1793 2492 coetae
1817 2477 1831 2494 ‚
1854 2463 2138 2494 caeterorumve
2160 2449 2480 2510 epuloticorum.

1025 2509 1112 2565 ⁴5⁰.
1133 2505 1244 2551 Dum
1266 2522 1313 2550 ea
1332 2506 1437 2550 extra
1490 2521 1651 2550 eruntur
1677 2538 1689 2556 ,
1710 2507 1814 2551 intra
1837 2508 2066 2552 adhibenda
2090 2508 2178 2554 sunt
2208 2524 2301 2568 quar
2331 2508 2389 2552 ad
2427 2510 2622 2569 corrigen-

980 2567 1075 2612 dam
1095 2564 1294 2626 sanguinis
1328 2523 1559 2623 dystrffram
1585 2564 1736 2610 faciunt
1758 2597 1771 2617 ‚
1793 2582 1886 2611 nern
1917 2584 1940 2610 e
1973 2570 2219 2628 epicerastica
2256 2567 2323 2612 seu
2364 2570 2622 2629 temperantia

981 2631 1026 2670 δι
1049 2626 1308 2682 edulcantia,
1333 2624 1414 2669 sola
1436 2625 1579 2670 scilicet
1595 2655 1609 2673 ‚
1626 2626 1757 2685 qualia
1781 2628 1880 2672 mod
1933 2627 2215 2688 proposuimus
2232 2627 2350 2680 hujus
2372 2631 2522 2688 Capteis
2543 2634 2624 2681 56.

982 2685 1011 2729 fi
1028 2685 1215 2743 dyscrasia
1239 2684 1558 2729 sallo-muriatica
1570 2684 1639 2737 fit3
1665 2684 1889 2730 cdulcantia
1899 2689 2007 2737 vero,
2022 2703 2113 2731 cum
2129 2687 2427 2748 diaphoretieis
2460 2691 2504 2732 δε
2534 2703 2625 2731 arte-

981 2745 1195 2848 guantibus
1215 2747 1435 2806 permixta,
1455 2744 1587 2805 qualia
1601 2744 1840 2806 protulimus
1863 2745 2028 2793 ibidem,
2054 2747 2147 2807 srex
2165 2749 2244 2791 acri
2266 2746 2414 2790 oleola
2438 2747 2510 2797 fit,
2523 2746 2624 2791 visci·

1012 2819 1033 2846 a
1066 2820 1128 2847 ue.
1564 2831 1566 2833 ·

1035 2819 1114 2905 ΞΟ.
1151 2862 1308 2907 Profuit
1325 2863 1542 2923 aliquando
1569 2864 1700 2914 labra,
1718 2862 1973 2924 confiniaque
2000 2865 2179 2908 ulcerum
2205 2865 2492 2911 chironiorum
2514 2897 2528 2916 ‚
2550 2865 2575 2909 fi
2602 2865 2623 2909 i

978 2919 1148 2967 seminio
1189 2933 1365 2967 venereo‘
1387 2937 1520 2967 ortum
1545 2924 1720 2984 primum
1750 2925 1962 2969 habuerint
1982 2953 1995 2971 ,
2021 2940 2229 2986 unguento
2255 2926 2490 2970 mercuriali
2517 2926 2625 2970 iden-

978 2984 1108 3026 tidem
1130 2981 1284 3027 illinere
1300 3013 1312 3031 ,
1330 2982 1445 3042 quod
1465 2982 1611 3030 callos,
1640 2983 1669 3028 fi
1693 2987 1761 3044 qui
1784 2983 1915 3030 adfint
1933 3016 1946 3035 ,
1972 2983 2137 3029 resolvit
2159 3014 2174 3034 ,
2195 2986 2315 3044 quod
2337 2988 2444 3031 vitia
2464 2985 2624 3047 lympha

979 3044 1032 3087 ad
1049 3043 1159 3086 ulcus
1170 3043 1410 3087 confluentis
1425 3043 1614 3086 emendat
1627 3075 1640 3093 ,
1666 3045 1842 3104 ideoque
1855 3045 1905 3088 ad
1923 3043 2127 3088 labrorum
2149 3045 2371 3090 mollitiem
2385 3051 2433 3090 δε
2446 3046 2624 3090 cicatricis

975 3100 1224 3162 progreffiim
1243 3101 1439 3147 utilisfime
1457 3100 1632 3147 confert.

1040 3172 1109 3213 70.
1137 3164 1325 3223 Denique
1344 3164 1386 3205 in
1405 3161 1601 3206 ulceribus
1622 3164 1812 3207 chironiis
1826 3192 1839 3210 ‚
1860 3164 1976 3224 quod
1999 3163 2052 3206 de
2074 3163 2285 3207 doloribus
2299 3180 2475 3227 quoque
2487 3169 2530 3209 δι
2546 3163 2626 3206 her·

977 3220 1160 3280 petibus,
1192 3225 1261 3284 qui
1282 3223 1371 3285 post
1390 3235 1570 3266 curatam
1593 3221 1702 3268 luem
1717 3217 2154 3285 veneream'lupersunt
2177 3254 2192 3276 ‚
2213 3223 2413 3271 volumus
2435 3223 2625 3283 intelligi,
