3523 3956
922 433 1003 481 518
1199 425 1301 469 DE
1361 422 2261 469 MORBrSVENEREIS.

918 485 1010 529 sunt
1028 484 1130 526 inter
1148 497 1312 526 catteros
1337 482 1489 527 consuli
1513 483 1694 527 Andreas
1706 485 1886 527 Lacuna,
1902 481 2244 542 Method.exsttrp.
2266 483 2469 526 caruncnl.
2490 498 2581 526 ure-

919 544 1032 587 thrae:
1052 544 1219 585 Amatus
1229 542 1454 587 Lusitanus,
1471 547 1626 585 Centur.
1642 545 1838 595 4,Curat.
1860 556 1873 582 1
1886 555 1908 591 9
1926 556 1938 589 ·‚
1961 542 2110 586 Daniel
2136 544 2378 588 Sennertus‚
2404 540 2500 585 Lib.
2531 558 2580 595 3.

924 607 1041 646 Part.
1057 610 1077 649 8
1091 632 1104 650 ‚
1127 602 1221 642 Sea.
1253 617 1265 644 ι
1285 632 1298 650 ,
1319 607 1408 661 Cap.
1430 618 1453 654 9
1473 618 1486 651 3
1507 600 1738 645 Ambrosius
1753 604 1926 647 Paraeus,
1953 600 2044 645 Lib.
2071 617 2084 644 ι
2098 618 2122 654 9
2144 629 2156 647 ‚
2177 606 2263 660 Cap.
2291 616 2339 652 ¹7
2356 631 2369 650 ,
2384 603 2469 649 &c.
2501 602 2580 645 Sed

923 662 1009 706 haec
1031 659 1231 720 ligillatim
1244 658 1390 703 referre
1444 662 1636 721 iget‚nec
1648 658 1877 707 immerito,
1902 657 1994 702 cum
2015 665 2097 718 jam
2123 676 2171 704 ea
2181 659 2405 704 methodus
2415 659 2583 721 penitus

940 719 1157 764 exoleverit
1175 719 1385 779 multiplici
1403 677 1455 764 (fe
1466 720 1592 764 causa.

677 785 860 837 Rejicitur.
995 788 1059 825 ιο.
1081 780 1191 833 Qia
1208 778 1403 823 convenit
1422 779 1513 822 solis
1532 778 1689 823 tantum
1719 780 1940 825 carunculis
1972 785 2016 824 δε
2045 779 2220 823 verrucis
2238 792 2418 822 meatum
2450 779 2586 821 urina-

929 842 1034 884 rium
1061 836 1365 887 oblidentibus,
1392 838 1559 883 minime
1578 840 1675 884 vero
1705 842 1853 884 caeteris
1876 840 2059 883 obicibus
2079 837 2271 881 eumdem
2303 836 2491 881 canalem
2515 853 2586 881 an-

987 896 1199 947 stantibus,
1226 897 1250 941 a
1274 900 1419 958 quibus
1442 914 1577 942 tamen
1600 899 1859 958 stranguriam
1877 898 2132 959 gonorrhoeae
2148 896 2408 956 pedisequam
2422 927 2438 946 ‚
2457 896 2486 940 fi
2499 912 2588 941 non

927 916 1082 1018 fiumpcr
1094 988 1108 1006 ,
1121 971 1161 1000 at
1174 955 1308 1000 saltem
1333 956 1642 1018 frequentiffime
1652 957 1822 1018 produci
1831 963 1910 1016 jam
1924 958 2033 1018 apud
2044 972 2187 1001 omnes
2197 958 2240 999 in
2250 953 2439 1000 confcflo
2456 957 2528 1000 est.

994 1026 1061 1060 2⁰.
1085 1018 1194 1071 Qia
1218 1031 1424 1076 nunquam
1448 1032 1532 1061 tuta
1564 1018 1648 1067 est3
1680 1033 1774 1062 nam
1806 1017 2075 1066 cathaeretica‚
2096 1031 2184 1077 quae
2216 1015 2452 1059 carunculas
2474 1014 2590 1059 absu-

931 1092 1075 1125 munt,
1098 1076 1253 1119 debent
1277 1077 1356 1119 una
1378 1075 1491 1120 simul
1519 1075 1652 1120 {anam
1683 1077 1849 1120 urethrae
1879 1091 2033 1136 partem
2065 1075 2312 1120 inflammare
2339 1105 2353 1124 ,
2385 1076 2559 1119 erodere
2577 1107 2590 1126 ,

937 1135 1174 1180 exulcerare.
1192 1136 1394 1180 Novimus
1415 1135 1581 1195 quidem
1606 1136 1698 1179 huic
1716 1135 1983 1179 incommodo
2004 1136 2247 1195 antiquiores
2260 1134 2427 1178 obviam
2445 1137 2504 1178 ire
2521 1150 2593 1179 eo-

931 1210 1048 1240 natos
1066 1192 1180 1237 fuisse
1202 1193 1413 1253 multiplici
1432 1195 1785 1239 instrumentorum
1804 1199 1848 1238 &
1868 1195 2138 1239 remediorum
2154 1209 2345 1261 apparatu
2359 1224 2371 1240 ‚
2385 1193 2459 1237 led
2471 1196 2591 1237 novi·

929 1270 1019 1299 mus
1027 1268 1195 1312 quoque
1206 1255 1410 1297 cautiones
1423 1269 1566 1297 omnes
1584 1252 1820 1313 plerumque
1835 1252 2068 1297 frustraneas
2081 1251 2194 1297 fuisse
2204 1283 2218 1302 ‚
2241 1253 2334 1297 cum
2350 1253 2466 1313 apud
2485 1252 2589 1314 iplbs

929 1329 1016 1357 non
1033 1328 1117 1355 rara
1133 1312 1313 1372 exempla
1329 1314 1499 1373 reperire
1515 1311 1560 1355 fit
1571 1342 1584 1362 ,
1607 1328 1747 1355 eorum
1765 1315 1834 1371 qui
1849 1313 1924 1357 hac
1945 1311 2145 1356 methodo
2163 1313 2282 1372 virgae
2295 1313 2591 1357 inflammatio-

931 1389 984 1415 ne
996 1403 1009 1422 ,
1027 1370 1257 1415 abscessibus
1270 1373 1434 1431 perinaei
1450 1403 1463 1421 ,
1485 1372 1570 1420 imo
1587 1372 1799 1432 gangraena
1814 1374 1992 1432 „correpti
2022 1372 2123 1416 sunt.

995 1439 1063 1486 3⁰.
1089 1430 1265 1473 Demfim
1288 1460 1300 1477 ‚
1333 1433 1428 1489 quia
1450 1429 1687 1494 plerumque
1705 1432 1761 1473 ita
1791 1444 1914 1474 nocet
1928 1461 1942 1481 ,
1980 1446 2026 1474 ut
2060 1431 2275 1491 stranguria
2297 1430 2396 1473 inde
2430 1432 2589 1491 gravior

930 1490 1022 1537 fiat,
1050 1488 1126 1532 five
1146 1488 1259 1547 quod
1280 1488 1497 1539 ulcuscula,
1521 1505 1609 1548 quae
1630 1491 1673 1532 in
1701 1504 1836 1533 meatu
1858 1491 2032 1533 urinatio
2062 1489 2316 1533 cathaereticis
2339 1491 2592 1540 excitantur.

931 1549 1035 1593 male
1055 1547 1205 1592 detersa
1217 1549 1258 1590 in
1281 1564 1406 1593 novas
1429 1546 1722 1609 hyperiarcoses
1744 1547 1809 1593 seu
1837 1548 2065 1594 carunculas
2087 1547 2324 1593 succrescant
2347 1564 2360 1598 ς
2396 1547 2482 1595 five
2507 1566 2584 1618 po-

929 1610 1012 1653 tius
1029 1608 1145 1667 quod
1169 1622 1312 1651 cocant
1334 1610 1378 1652 in
1398 1610 1578 1653 duriores
1597 1612 1640 1652 &
1661 1608 1869 1653 strictiores
1890 1610 2088 1653 cicatrices
2105 1639 2118 1658 ,
2144 1607 2289 1667 quibus
2303 1606 2439 1652 fistula
2458 1623 2588 1652 unna-

930 1670 989 1712 ria
1009 1670 1051 1711 in
1076 1668 1228 1710 arstum
1255 1668 1439 1726 cogitur,
1458 1665 1539 1711 five
1557 1666 1725 1710 tandem
1747 1668 1862 1726 quod
1881 1667 2116 1711 membrana
2136 1665 2301 1711 urethtae
2326 1667 2502 1711 ductum
2525 1670 2589 1710 in-

935 1727 1045 1772 terne
1072 1725 1303 1785 succingens
1329 1756 1342 1775 ‚
1369 1727 1523 1785 quanto
1549 1723 1692 1770 sortitis
1729 1726 1780 1770 ab
1808 1726 1995 1787 appositis
2023 1726 2280 1770 cathaereticis
2307 1724 2516 1770 fodicatur
2545 1731 2588 1771 δε

933 1787 1142 1831 eruditur,
1167 1784 1281 1827 tanto
1321 1787 1462 1828 aretinis
1492 1785 1586 1828 ideo
1613 1786 1903 1848 constringatur
1920 1816 1933 1835 ‚
1967 1785 2138 1830 densatis
2165 1784 2423 1846 crispatisque
2456 1785 2558 1830 villis
2575 1816 2590 1835 ‚

932 1844 1340 1905 quod&caetetarum
1363 1859 1526 1904 quoque
1548 1844 1868 1889 membranarum
1888 1860 2122 1889 nerveatum
2134 1847 2343 1905 proprium
2355 1845 2414 1887 est
2426 1874 2441 1891 ‚
2471 1845 2586 1905 quod

935 1906 979 1948 in
999 1900 1155 1964 speciali
1176 1901 1229 1945 de
1255 1901 1381 1946 vcficfi
1409 1903 1580 1947 urinaria
1608 1905 1941 1964 comperrunrest
1972 1904 2233 1964 experientia,
2252 1920 2298 1948 ac
2359 1904 2510 1948 roinde
2530 1919 2589 1947 ar-

935 1963 1037 2007 ἃίὐε
1056 1961 1265 2005 constricta
1293 1961 1459 2005 urethrae
1482 1977 1660 2006 meatum
1689 1963 1803 2008 tanto
1823 1979 1888 2007 ma
1919 1965 1950 2007 is
1972 1964 2013 2006 in
2031 1979 2082 2006 an
2114 1964 2243 2006 ustum
2257 1961 2308 2006 ad
2342 1977 2453 2006 ucat.

695 2034 846 2071 secund,
863 2061 876 2081 ‚
998 2026 1062 2066 11.
1094 2021 1203 2064 Huic
1226 2021 1421 2065 methodo
1437 2051 1451 2068 ‚
1465 2037 1553 2081 qua:
1573 2026 1654 2080 jam
1676 2022 1831 2066 dudum
1851 2025 1859 2033 '
1910 2036 2040 2066 amata
2062 2039 2082 2065 e
2129 2054 2142 2073 ‚
2162 2027 2206 2066 &
2224 2021 2323 2065 abA
2380 2024 2455 2066 rtis
2475 2024 2587 2082 igna-

693 2081 846 2121 fi-&ione
870 2097 912 2142 ¹.¹‘
939 2081 991 2125 ris
1009 2096 1117 2125 nunc
1141 2079 1295 2123 tannim
1314 2079 1539 2141 usurpatur,
1561 2080 1735 2125 succeffit
1757 2081 1989 2141 alia‚⁴‘quae
2006 2081 2144 2142 &ipsa
2164 2081 2277 2125 brevi
2299 2098 2323 2125 a
2352 2097 2499 2147 rpgata
2508 2082 2587 2133 est,

692 2130 816 2188 ‘⁶²¹3‘ae
837 2146 911 2189 ’,10
940 2141 1122 2201 quamvis
1178 2141 1281 2183 rimo
1308 2142 1456 2184 intuitu
1485 2139 1616 2185 multo
1647 2140 1783 2184 utilior
1816 2139 1892 2185 effe
1915 2142 2127 2185 videretur.
2154 2139 2372 2210 Explorato
2399 2140 2586 2185 videlicet

693 2191 844 2267 *ἇῖιᾟῖο
858 2194 914 2218 ἠ’
939 2199 1103 2244 obicum
1124 2155 1221 2248 (ἷξιι,
1250 2201 1320 2259 qui
1339 2201 1488 2244 meatui
1512 2201 1686 2243 urinario
1708 2201 1888 2250 inerant,
1907 2204 1951 2243 &
1976 2214 2121 2244 notato
2141 2202 2301 2260 permaei
2319 2198 2419 2243 loco
2457 2199 2587 2260 supet·

812 2253 824 2265 ⁰
936 2262 1045 2318 jeCko
1058 2290 1071 2309 ,
1094 2257 1259 2303 sulcatus
1277 2258 1453 2302 catheter
1469 2258 1590 2317 quam
1611 2258 1791 2303 altislime
1811 2260 1853 2302 in
1876 2261 2077 2303 urethtam
2095 2259 2415 2306 immittebatur,
2443 2259 2587 2303 ad-cu-

936 2323 998 2375 jus
1018 2334 1240 2363 extremum
1259 2317 1486 2361 alterutrum
1534 2319 1664 2362 erinaei
1677 2316 1800 2368 latus,
1814 2318 2031 2363 secundum
2043 2319 2187 2379 raphes
2202 2318 2488 2362 teffltudinem
2501 2349 2513 2368 ‚
2525 2319 2587 2361 in·

938 2376 1142 2422 cidebatur
1168 2377 1413 2423 lithotomo‚
1438 2391 1483 2420 ut
1502 2335 1587 2421 geri
1609 2376 1708 2420 solet
1728 2377 1779 2421 ad
1806 2379 2090 2422 extraffionem
2121 2378 2258 2424 calculi
2279 2395 2291 2427 3
2316 2394 2362 2421 ac
2386 2378 2487 2422 inde
2515 2393 2587 2421 ca-

933 2436 1088 2481 thetet'e
1104 2439 1207 2480 viam
1220 2437 1419 2481 indicante
1431 2436 1568 2482 incisio
1583 2436 1715 2480 versus
1729 2453 1848 2481 anum
1872 2437 2179 2497 producebatur.
2206 2441 2303 2481 Hoc
2328 2453 2433 2495 ergo
2456 2438 2581 2481 modo

934 2495 1070 2540 obices
1089 2512 1253 2542 omnes,
1304 2496 1344 2538 ui
1362 2495 1497 2539 locum
1523 2495 1787 2544 obsidebant,
1814 2497 1940 2540 oculis
1965 2495 2056 2557 iplis
2080 2501 2162 2555 jam
2185 2497 2297 2540 obvii
2312 2494 2458 2542 ‚facile
2468 2510 2584 2557 pote·

933 2571 1022 2599 rant
1045 2571 1119 2616 pro
1151 2556 1302 2599 diversa
1332 2554 1470 2598 naturi
1501 2554 1660 2598 diversis
1679 2559 1723 2599 &
1748 2553 1936 2614 specificis
1961 2558 2147 2600 remediis
2172 2557 2298 2601 curari
2324 2572 2337 2604 ς
2364 2555 2585 2599 cathaereti-

935 2616 991 2659 cis
1011 2614 1200 2674 quidem,
1226 2614 1252 2657 fi
1277 2613 1517 2663 carunculae,
1542 2614 1659 2664 calli,
1684 2615 1951 2658 excrescentia·
1978 2614 2168 2664 aderant3
2192 2615 2501 2675 detergentibus
2520 2630 2584 2658 ve·

935 2675 985 2718 ῐὸ
1001 2678 1045 2718 &
1057 2672 1407 2718 mundificantibus
1421 2704 1434 2722 ‚
1456 2672 1482 2716 fi
1509 2672 1705 2718 ulcuscula
1724 2672 1885 2718 sordida
1907 2676 2107 2717 urethtam
2122 2674 2454 2735 depascebantur.
2476 2677 2584 2718 Tan-

939 2734 1045 2784 dem
1059 2734 1149 2776 cum
1168 2735 1308 2776 omnia
1331 2731 1509 2793 perscire
1526 2731 1761 2794 suppurata,
1781 2732 2150 2782 detersa,cicatrice
2161 2734 2338 2778 obdu&
2356 2748 2494 2780 erant,
2512 2749 2586 2777 nee

939 2792 1161 2849 quidquam
1181 2794 1351 2835 omnino
1374 2791 1568 2866 supererat
1586 2791 1820 2837 morbosum
1833 2823 1846 2842 ,
1858 2794 2018 2855 perinaei
2037 2791 2176 2837 incifio
2197 2808 2280 2837 arte
2297 2792 2446 2837 eidem
2476 2792 2590 2837 lana·

942 2847 1059 2893 batur
1080 2866 1125 2892 ac
1143 2851 1183 2891 in
1205 2849 1443 2894 lithotomia.

697 2921 882 2972 1021„on
1004 2910 1058 2951 Ea
1074 2907 1166 2953 sane
1180 2909 1387 3011 ingeniose
1403 2908 1642 2953 videbantur
1663 2912 1885 2971 excogitata
1904 2913 1948 2954 &
1964 2911 2074 2954 miris
2096 2912 2289 2955 encomiis
2305 2909 2465 2954 'laudari
2487 2910 2589 2954 olim

698 2977 764 3007 tur.
944 2968 1114 3011 memini
1140 2999 1153 3017 ,
1185 2966 1221 3010 se
1278 2969 1519 3027 experientia
1538 2984 1670 3012 rerum
1707 2970 1889 3030 magistra
1911 2973 1995 3026 jam·
2049 2970 2177 3014 tidem
2201 2969 2341 3014 docuit
2364 2985 2416 3012 ea
2447 2971 2587 3012 omnia

938 3024 1156 3071 frustranca
1177 3024 1265 3070 effe.
1302 3028 1472 3071 Constat
1490 3028 1599 3071 enim
1617 3044 1746 3089 aegros
1766 3028 1961 3091 plurimos
1991 3043 2007 3072 t
2045 3045 2110 3072 em
2129 3032 2411 3091 operationem
2428 3027 2585 3090 palsos,

986 3123 1005 3145 ''
1022 3127 1104 3164 Haec
1125 3127 1232 3164 altera
1249 3126 1439 3164 Methodus
1455 3155 1468 3172 ,
1499 3126 1594 3177 quod
1613 3131 1645 3164 8t
1660 3128 1703 3166 de
1714 3128 1878 3176 sequente
1901 3129 2030 3167 dietum
2053 3130 2140 3167 volo
2156 3156 2170 3175 ,
2191 3128 2287 3180 qnasi
2300 3129 2404 3166 herba
2419 3129 2585 3174 Solstitia-

936 3171 977 3205 11'5
987 3176 1153 3223 paeulnfitaer
1171 3177 1245 3224 suit
1258 3201 1268 3216 ,
1289 3186 1415 3224 repante
1433 3188 1548 3213 exorta
1565 3176 1606 3221 est
1623 3203 1634 3220 ‚
1658 3179 1822 3221 repentina
1839 3181 1955 3214 occidit
1965 3197 1978 3219 ;
2002 3191 2041 3215 ut
2055 3179 2098 3217 ad
2118 3190 2193 3215 rem
2208 3177 2414 3228 praesentem
2430 3190 2578 3217 accom-

938 3219 1079 3260 medem
1096 3226 1318 3272 paroemiam,
1344 3239 1448 3276 quam
1469 3226 1491 3265 i
1514 3225 1634 3265 Plauto
1660 3226 1817 3266 adhiberi
1832 3227 2004 3275 memini,
2030 3229 2180 3270 Pseudol-
2198 3231 2279 3266 ΑΒ.
2308 3240 2342 3266 1.
2362 3233 2462 3266 Sca.
2484 3240 2523 3268 ι.
