<?xml version="1.0" encoding="UTF-8"?>
<!DOCTYPE html PUBLIC "-//W3C//DTD XHTML 1.0 Transitional//EN"
    "http://www.w3.org/TR/xhtml1/DTD/xhtml1-transitional.dtd">
<html xmlns="http://www.w3.org/1999/xhtml" xml:lang="en" lang="en">
 <head>
  <title>
</title>
<meta http-equiv="Content-Type" content="text/html;charset=utf-8" />
  <meta name='ocr-system' content='tesseract 3.04.00' />
  <meta name='ocr-capabilities' content='ocr_page ocr_carea ocr_par ocr_line ocrx_word'/>
</head>
<body>
  <div class='ocr_page' id='page_1' title='image "./demorbisvenerei01astrgoog_0487.png"; bbox 0 0 3523 3956; ppageno 0'>
   <div class='ocr_carea' id='block_1_1' title="bbox 711 566 931 617">
    <p class='ocr_par' dir='ltr' id='par_1_1' title="bbox 711 566 931 617">
     <span class='ocr_line' id='line_1_1' title="bbox 711 566 931 617; baseline 0 -12"><span class='ocrx_word' id='word_1_1' title='bbox 711 566 853 617; x_wconf 77' lang='lat' dir='ltr'>Quibus</span> <span class='ocrx_word' id='word_1_2' title='bbox 873 578 931 605; x_wconf 85' lang='lat' dir='ltr'>re-</span> 
     </span>
    </p>
   </div>
   <div class='ocr_carea' id='block_1_2' title="bbox 941 422 2607 603">
    <p class='ocr_par' dir='ltr' id='par_1_2' title="bbox 941 422 2607 603">
     <span class='ocr_line' id='line_1_2' title="bbox 941 422 2286 483; baseline 0 -16"><span class='ocrx_word' id='word_1_3' title='bbox 941 439 1051 483; x_wconf 33' lang='lat'>&#39;2512</span> <span class='ocrx_word' id='word_1_4' title='bbox 1237 424 1750 469; x_wconf 73' lang='lat' dir='ltr'>DEMORBIS</span> <span class='ocrx_word' id='word_1_5' title='bbox 1810 422 2286 467; x_wconf 70' lang='lat' dir='ltr'><strong>VENEREIS.</strong></span> 
     </span>
     <span class='ocr_line' id='line_1_3' title="bbox 963 479 2607 544; baseline -0.001 -18"><span class='ocrx_word' id='word_1_6' title='bbox 963 484 1040 527; x_wconf 84' lang='lat' dir='ltr'>dos</span> <span class='ocrx_word' id='word_1_7' title='bbox 1058 484 1183 544; x_wconf 84' lang='lat' dir='ltr'>magis</span> <span class='ocrx_word' id='word_1_8' title='bbox 1197 483 1349 534; x_wconf 77' lang='lat' dir='ltr'>valeat,</span> <span class='ocrx_word' id='word_1_9' title='bbox 1372 483 1493 543; x_wconf 70' lang='lat' dir='ltr'>quam</span> <span class='ocrx_word' id='word_1_10' title='bbox 1507 485 1728 527; x_wconf 84' lang='lat' dir='ltr'>Mercurius</span> <span class='ocrx_word' id='word_1_11' title='bbox 1750 481 1858 544; x_wconf 82' lang='lat' dir='ltr'>ipse,</span> <span class='ocrx_word' id='word_1_12' title='bbox 1877 485 1946 542; x_wconf 88' lang='lat' dir='ltr'>qui</span> <span class='ocrx_word' id='word_1_13' title='bbox 1962 487 2039 539; x_wconf 81' lang='lat' dir='ltr'>jam</span> <span class='ocrx_word' id='word_1_14' title='bbox 2066 481 2261 526; x_wconf 73' lang='lat' dir='ltr'>ineassum</span> <span class='ocrx_word' id='word_1_15' title='bbox 2284 479 2500 526; x_wconf 81' lang='lat' dir='ltr'>adhibitus</span> <span class='ocrx_word' id='word_1_16' title='bbox 2522 479 2607 524; x_wconf 82' lang='lat' dir='ltr'>fuit.</span> 
     </span>
     <span class='ocr_line' id='line_1_4' title="bbox 1025 540 2605 603; baseline -0.001 -17"><span class='ocrx_word' id='word_1_17' title='bbox 1025 545 1144 586; x_wconf 86' lang='lat' dir='ltr'>Tunc</span> <span class='ocrx_word' id='word_1_18' title='bbox 1157 559 1256 603; x_wconf 84' lang='lat' dir='ltr'>ergo</span> <span class='ocrx_word' id='word_1_19' title='bbox 1281 542 1362 603; x_wconf 82' lang='lat' dir='ltr'>spes</span> <span class='ocrx_word' id='word_1_20' title='bbox 1377 559 1489 602; x_wconf 86' lang='lat' dir='ltr'>,quae</span> <span class='ocrx_word' id='word_1_21' title='bbox 1512 543 1666 602; x_wconf 86' lang='lat' dir='ltr'>reliqua</span> <span class='ocrx_word' id='word_1_22' title='bbox 1684 544 1764 592; x_wconf 86' lang='lat' dir='ltr'>est,</span> <span class='ocrx_word' id='word_1_23' title='bbox 1790 544 1830 585; x_wconf 89' lang='lat' dir='ltr'>in</span> <span class='ocrx_word' id='word_1_24' title='bbox 1848 558 1900 585; x_wconf 90' lang='lat' dir='ltr'>eo</span> <span class='ocrx_word' id='word_1_25' title='bbox 1921 556 2007 585; x_wconf 86' lang='lat' dir='ltr'>tota</span> <span class='ocrx_word' id='word_1_26' title='bbox 2029 540 2097 585; x_wconf 81' lang='lat' dir='ltr'>fita</span> <span class='ocrx_word' id='word_1_27' title='bbox 2117 541 2171 585; x_wconf 87' lang='lat' dir='ltr'>est</span> <span class='ocrx_word' id='word_1_28' title='bbox 2185 572 2198 591; x_wconf 91' lang='lat'><strong>,</strong></span> <span class='ocrx_word' id='word_1_29' title='bbox 2229 557 2242 584; x_wconf 91' lang='lat'>1</span> <span class='ocrx_word' id='word_1_30' title='bbox 2255 550 2293 585; x_wconf 84' lang='lat'>⁰.</span> <span class='ocrx_word' id='word_1_31' title='bbox 2315 543 2378 585; x_wconf 89' lang='lat' dir='ltr'>Ut</span> <span class='ocrx_word' id='word_1_32' title='bbox 2395 541 2605 584; x_wconf 68' lang='lat' dir='ltr'>diutiffime</span> 
     </span>
    </p>
   </div>
   <div class='ocr_carea' id='block_1_3' title="bbox 713 599 2609 662">
    <p class='ocr_par' dir='ltr' id='par_1_3' title="bbox 713 599 2609 662">
     <span class='ocr_line' id='line_1_5' title="bbox 713 599 2609 662; baseline 0 -19"><span class='ocrx_word' id='word_1_33' title='bbox 713 618 838 655; x_wconf 80' lang='lat' dir='ltr'>mediis</span> <span class='ocrx_word' id='word_1_34' title='bbox 873 613 953 654; x_wconf 59' lang='lat' dir='ltr'>cu.)</span> <span class='ocrx_word' id='word_1_35' title='bbox 967 616 1199 661; x_wconf 84' lang='lat' dir='ltr'>repetantur</span> <span class='ocrx_word' id='word_1_36' title='bbox 1221 604 1475 646; x_wconf 73' lang='lat' dir='ltr'>inunffiones</span> <span class='ocrx_word' id='word_1_37' title='bbox 1508 618 1554 646; x_wconf 88' lang='lat' dir='ltr'>ex</span> <span class='ocrx_word' id='word_1_38' title='bbox 1581 616 1790 662; x_wconf 82' lang='lat' dir='ltr'>unguento</span> <span class='ocrx_word' id='word_1_39' title='bbox 1822 601 2042 644; x_wconf 84' lang='lat' dir='ltr'>mercuriali</span> <span class='ocrx_word' id='word_1_40' title='bbox 2071 600 2184 661; x_wconf 85' lang='lat' dir='ltr'>supet</span> <span class='ocrx_word' id='word_1_41' title='bbox 2209 599 2385 644; x_wconf 88' lang='lat' dir='ltr'>scrotum</span> <span class='ocrx_word' id='word_1_42' title='bbox 2415 630 2430 649; x_wconf 89' lang='lat'><strong>,</strong></span> <span class='ocrx_word' id='word_1_43' title='bbox 2460 601 2520 643; x_wconf 80' lang='lat' dir='ltr'>bis</span> <span class='ocrx_word' id='word_1_44' title='bbox 2545 615 2609 644; x_wconf 85' lang='lat' dir='ltr'>aut</span> 
     </span>
    </p>
   </div>
   <div class='ocr_carea' id='block_1_4' title="bbox 708 665 930 812">
    <p class='ocr_par' dir='ltr' id='par_1_4' title="bbox 708 665 930 812">
     <span class='ocr_line' id='line_1_6' title="bbox 713 665 930 712; baseline -0.009 -8"><span class='ocrx_word' id='word_1_45' title='bbox 713 666 813 704; x_wconf 79' lang='lat' dir='ltr'>randi</span> <span class='ocrx_word' id='word_1_46' title='bbox 837 665 903 702; x_wconf 77' lang='lat' dir='ltr'>fint</span> <span class='ocrx_word' id='word_1_47' title='bbox 916 692 930 712; x_wconf 81' lang='lat'>‚</span> 
     </span>
     <span class='ocr_line' id='line_1_7' title="bbox 714 714 880 753; baseline 0.012 -2"><span class='ocrx_word' id='word_1_48' title='bbox 714 714 739 751; x_wconf 78' lang='lat' dir='ltr'>fi</span> <span class='ocrx_word' id='word_1_49' title='bbox 767 716 880 753; x_wconf 84' lang='lat' dir='ltr'>curari</span> 
     </span>
     <span class='ocr_line' id='line_1_8' title="bbox 708 761 880 812; baseline 0.017 -11"><span class='ocrx_word' id='word_1_50' title='bbox 708 761 841 812; x_wconf 73' lang='lat' dir='ltr'>poffiut</span> <span class='ocrx_word' id='word_1_51' title='bbox 863 764 880 804; x_wconf 75' lang='lat'><em>3</em></span> 
     </span>
    </p>
   </div>
   <div class='ocr_carea' id='block_1_5' title="bbox 961 657 2613 1727">
    <p class='ocr_par' dir='ltr' id='par_1_5' title="bbox 961 657 2613 1727">
     <span class='ocr_line' id='line_1_9' title="bbox 968 657 2606 721; baseline 0.001 -18"><span class='ocrx_word' id='word_1_52' title='bbox 968 675 1029 717; x_wconf 86' lang='lat' dir='ltr'>ter</span> <span class='ocrx_word' id='word_1_53' title='bbox 1052 660 1309 705; x_wconf 85' lang='lat' dir='ltr'>hebdomade</span> <span class='ocrx_word' id='word_1_54' title='bbox 1332 660 1509 721; x_wconf 70' lang='lat' dir='ltr'>quilibet</span> <span class='ocrx_word' id='word_1_55' title='bbox 1531 690 1543 708; x_wconf 84' lang='lat'>‚</span> <span class='ocrx_word' id='word_1_56' title='bbox 1568 662 1619 706; x_wconf 88' lang='lat' dir='ltr'>ad</span> <span class='ocrx_word' id='word_1_57' title='bbox 1645 660 1773 706; x_wconf 83' lang='lat' dir='ltr'>dofim</span> <span class='ocrx_word' id='word_1_58' title='bbox 1791 668 1816 706; x_wconf 74' lang='grc' dir='ltr'>’ὁ</span> <span class='ocrx_word' id='word_1_59' title='bbox 1843 664 1869 717; x_wconf 86' lang='lat' dir='ltr'>j.</span> <span class='ocrx_word' id='word_1_60' title='bbox 1893 660 2052 719; x_wconf 69' lang='lat' dir='ltr'>qua&#39;ique</span> <span class='ocrx_word' id='word_1_61' title='bbox 2071 676 2181 710; x_wconf 77' lang='lat' dir='ltr'>vice3</span> <span class='ocrx_word' id='word_1_62' title='bbox 2205 659 2267 703; x_wconf 91' lang='lat' dir='ltr'>vel</span> <span class='ocrx_word' id='word_1_63' title='bbox 2298 657 2327 703; x_wconf 81' lang='lat' dir='ltr'>fi</span> <span class='ocrx_word' id='word_1_64' title='bbox 2348 659 2606 704; x_wconf 76' lang='lat' dir='ltr'>commodius</span> 
     </span>
     <span class='ocr_line' id='line_1_10' title="bbox 966 718 2608 770; baseline 0.001 -8"><span class='ocrx_word' id='word_1_65' title='bbox 966 718 1098 763; x_wconf 65' lang='lat' dir='ltr'>forsan</span> <span class='ocrx_word' id='word_1_66' title='bbox 1115 720 1319 770; x_wconf 84' lang='lat' dir='ltr'>videatur,</span> <span class='ocrx_word' id='word_1_67' title='bbox 1334 735 1379 764; x_wconf 91' lang='lat' dir='ltr'>ut</span> <span class='ocrx_word' id='word_1_68' title='bbox 1400 722 1572 764; x_wconf 88' lang='lat' dir='ltr'>tumenti</span> <span class='ocrx_word' id='word_1_69' title='bbox 1589 719 1770 764; x_wconf 90' lang='lat' dir='ltr'>testiculo</span> <span class='ocrx_word' id='word_1_70' title='bbox 1794 720 2048 763; x_wconf 77' lang='lat' dir='ltr'>continenter</span> <span class='ocrx_word' id='word_1_71' title='bbox 2063 722 2331 764; x_wconf 80' lang='lat' dir='ltr'>admoveatur</span> <span class='ocrx_word' id='word_1_72' title='bbox 2352 735 2420 762; x_wconf 89' lang='lat' dir='ltr'>em</span> <span class='ocrx_word' id='word_1_73' title='bbox 2455 718 2608 763; x_wconf 83' lang='lat' dir='ltr'>lastmm</span> 
     </span>
     <span class='ocr_line' id='line_1_11' title="bbox 966 777 2608 840; baseline -0.002 -16"><span class='ocrx_word' id='word_1_74' title='bbox 966 779 1019 824; x_wconf 87' lang='lat' dir='ltr'>de</span> <span class='ocrx_word' id='word_1_75' title='bbox 1045 781 1153 838; x_wconf 86' lang='lat' dir='ltr'>Vigo</span> <span class='ocrx_word' id='word_1_76' title='bbox 1173 779 1481 840; x_wconf 85' lang='lat' dir='ltr'>quadruplicato</span> <span class='ocrx_word' id='word_1_77' title='bbox 1503 781 1729 829; x_wconf 84' lang='lat' dir='ltr'>Mercurio,</span> <span class='ocrx_word' id='word_1_78' title='bbox 1757 778 1885 822; x_wconf 89' lang='lat' dir='ltr'>solum</span> <span class='ocrx_word' id='word_1_79' title='bbox 1916 777 1982 821; x_wconf 88' lang='lat' dir='ltr'>vel</span> <span class='ocrx_word' id='word_1_80' title='bbox 2013 795 2104 822; x_wconf 87' lang='lat' dir='ltr'>cum</span> <span class='ocrx_word' id='word_1_81' title='bbox 2127 779 2238 838; x_wconf 72' lang='lat' dir='ltr'>aequi</span> <span class='ocrx_word' id='word_1_82' title='bbox 2261 791 2378 839; x_wconf 90' lang='lat' dir='ltr'>parte</span> <span class='ocrx_word' id='word_1_83' title='bbox 2438 779 2608 822; x_wconf 78' lang='lat' dir='ltr'>&#39;abotani</span> 
     </span>
     <span class='ocr_line' id='line_1_12' title="bbox 967 837 2608 899; baseline -0.001 -18"><span class='ocrx_word' id='word_1_84' title='bbox 967 837 1170 882; x_wconf 66' lang='lat' dir='ltr'>flabastum</span> <span class='ocrx_word' id='word_1_85' title='bbox 1187 856 1200 888; x_wconf 90' lang='lat'>·,</span> <span class='ocrx_word' id='word_1_86' title='bbox 1223 854 1291 882; x_wconf 85' lang='lat' dir='ltr'>aut</span> <span class='ocrx_word' id='word_1_87' title='bbox 1312 837 1565 899; x_wconf 82' lang='lat' dir='ltr'>emplastrum</span> <span class='ocrx_word' id='word_1_88' title='bbox 1589 837 1851 898; x_wconf 69' lang='lat' dir='ltr'>ffipouaceum</span> <span class='ocrx_word' id='word_1_89' title='bbox 1871 841 1915 881; x_wconf 89' lang='lat'>&amp;</span> <span class='ocrx_word' id='word_1_90' title='bbox 1932 839 2239 898; x_wconf 84' lang='lat' dir='ltr'>camphoratum</span> <span class='ocrx_word' id='word_1_91' title='bbox 2257 840 2379 880; x_wconf 78' lang='lat' dir='ltr'>Pauli</span> <span class='ocrx_word' id='word_1_92' title='bbox 2405 837 2608 887; x_wconf 67' lang='lat' dir='ltr'>Barbare,</span> 
     </span>
     <span class='ocr_line' id='line_1_13' title="bbox 998 896 2609 958; baseline 0.001 -18"><span class='ocrx_word' id='word_1_93' title='bbox 998 913 1054 940; x_wconf 81' lang='lat' dir='ltr'>uae</span> <span class='ocrx_word' id='word_1_94' title='bbox 1070 896 1204 941; x_wconf 87' lang='lat' dir='ltr'>mense</span> <span class='ocrx_word' id='word_1_95' title='bbox 1217 897 1400 957; x_wconf 87' lang='lat' dir='ltr'>quolibet</span> <span class='ocrx_word' id='word_1_96' title='bbox 1414 928 1424 945; x_wconf 90' lang='lat'><strong><em>‚</em></strong></span> <span class='ocrx_word' id='word_1_97' title='bbox 1443 897 1508 941; x_wconf 83' lang='lat' dir='ltr'>vel</span> <span class='ocrx_word' id='word_1_98' title='bbox 1521 900 1640 941; x_wconf 80' lang='lat' dir='ltr'>etiam</span> <span class='ocrx_word' id='word_1_99' title='bbox 1655 899 1798 958; x_wconf 83' lang='lat' dir='ltr'>quinto</span> <span class='ocrx_word' id='word_1_100' title='bbox 1811 898 1972 941; x_wconf 85' lang='lat' dir='ltr'>decimo</span> <span class='ocrx_word' id='word_1_101' title='bbox 1992 913 2155 956; x_wconf 86' lang='lat' dir='ltr'>quoque</span> <span class='ocrx_word' id='word_1_102' title='bbox 2165 897 2254 946; x_wconf 89' lang='lat' dir='ltr'>die,</span> <span class='ocrx_word' id='word_1_103' title='bbox 2270 898 2461 940; x_wconf 87' lang='lat' dir='ltr'>renovari</span> <span class='ocrx_word' id='word_1_104' title='bbox 2485 898 2609 941; x_wconf 84' lang='lat' dir='ltr'>neces-</span> 
     </span>
     <span class='ocr_line' id='line_1_14' title="bbox 964 913 2609 1017; baseline 0 -17"><span class='ocrx_word' id='word_1_105' title='bbox 964 913 1049 1000; x_wconf 58' lang='lat' dir='ltr'>sitm</span> <span class='ocrx_word' id='word_1_106' title='bbox 1069 957 1148 1008; x_wconf 77' lang='lat' dir='ltr'>cst3</span> <span class='ocrx_word' id='word_1_107' title='bbox 1163 956 1227 1001; x_wconf 82' lang='lat' dir='ltr'>vel</span> <span class='ocrx_word' id='word_1_108' title='bbox 1243 971 1287 1000; x_wconf 91' lang='lat' dir='ltr'>ut</span> <span class='ocrx_word' id='word_1_109' title='bbox 1304 972 1531 1017; x_wconf 86' lang='lat' dir='ltr'>apponatur</span> <span class='ocrx_word' id='word_1_110' title='bbox 1545 955 1779 1017; x_wconf 82' lang='lat' dir='ltr'>cataplafina</span> <span class='ocrx_word' id='word_1_111' title='bbox 1794 972 1839 1000; x_wconf 89' lang='lat' dir='ltr'>ex</span> <span class='ocrx_word' id='word_1_112' title='bbox 1853 955 1985 1016; x_wconf 85' lang='lat' dir='ltr'>pulpis</span> <span class='ocrx_word' id='word_1_113' title='bbox 2003 957 2180 1000; x_wconf 79' lang='lat' dir='ltr'>radicum</span> <span class='ocrx_word' id='word_1_114' title='bbox 2191 957 2403 1000; x_wconf 65' lang='lat' dir='ltr'>coetuum</span> <span class='ocrx_word' id='word_1_115' title='bbox 2424 955 2609 1013; x_wconf 68' lang='lat' dir='ltr'>bryonia,</span> 
     </span>
     <span class='ocr_line' id='line_1_15' title="bbox 961 1015 2609 1076; baseline 0.001 -17"><span class='ocrx_word' id='word_1_116' title='bbox 961 1017 1182 1060; x_wconf 82' lang='lat' dir='ltr'>cucumeris</span> <span class='ocrx_word' id='word_1_117' title='bbox 1199 1015 1374 1059; x_wconf 81' lang='lat' dir='ltr'>silvestris</span> <span class='ocrx_word' id='word_1_118' title='bbox 1394 1020 1439 1059; x_wconf 88' lang='lat'>&amp;</span> <span class='ocrx_word' id='word_1_119' title='bbox 1459 1017 1562 1059; x_wconf 87' lang='lat' dir='ltr'>ireos</span> <span class='ocrx_word' id='word_1_120' title='bbox 1574 1046 1587 1065; x_wconf 95' lang='lat'>,</span> <span class='ocrx_word' id='word_1_121' title='bbox 1604 1015 1745 1059; x_wconf 87' lang='lat' dir='ltr'>addito</span> <span class='ocrx_word' id='word_1_122' title='bbox 1757 1017 1912 1076; x_wconf 83' lang='lat' dir='ltr'>gummi</span> <span class='ocrx_word' id='word_1_123' title='bbox 1937 1016 2187 1059; x_wconf 82' lang='lat' dir='ltr'>ammoniaco</span> <span class='ocrx_word' id='word_1_124' title='bbox 2206 1017 2250 1059; x_wconf 89' lang='lat' dir='ltr'>in</span> <span class='ocrx_word' id='word_1_125' title='bbox 2274 1029 2395 1059; x_wconf 81' lang='lat' dir='ltr'>aceto</span> <span class='ocrx_word' id='word_1_126' title='bbox 2410 1015 2609 1060; x_wconf 64' lang='lat' dir='ltr'>dissolurot</span> 
     </span>
     <span class='ocr_line' id='line_1_16' title="bbox 1031 1072 2610 1136; baseline 0.002 -20"><span class='ocrx_word' id='word_1_127' title='bbox 1031 1084 1098 1117; x_wconf 79' lang='lat'>2⁰.</span> <span class='ocrx_word' id='word_1_128' title='bbox 1113 1076 1275 1118; x_wconf 82' lang='lat' dir='ltr'>Interim</span> <span class='ocrx_word' id='word_1_129' title='bbox 1288 1075 1384 1118; x_wconf 69' lang='lat' dir='ltr'>vero</span> <span class='ocrx_word' id='word_1_130' title='bbox 1397 1105 1410 1124; x_wconf 91' lang='lat'><strong>,</strong></span> <span class='ocrx_word' id='word_1_131' title='bbox 1420 1091 1470 1117; x_wconf 86' lang='lat' dir='ltr'>ne</span> <span class='ocrx_word' id='word_1_132' title='bbox 1483 1076 1644 1134; x_wconf 86' lang='lat' dir='ltr'>pondus</span> <span class='ocrx_word' id='word_1_133' title='bbox 1659 1075 1796 1117; x_wconf 82' lang='lat' dir='ltr'>testem</span> <span class='ocrx_word' id='word_1_134' title='bbox 1816 1082 2030 1136; x_wconf 72' lang='lat' dir='ltr'>aggravet,</span> <span class='ocrx_word' id='word_1_135' title='bbox 2051 1091 2097 1118; x_wconf 85' lang='lat' dir='ltr'>ac</span> <span class='ocrx_word' id='word_1_136' title='bbox 2110 1072 2337 1118; x_wconf 86' lang='lat' dir='ltr'>funiculum</span> <span class='ocrx_word' id='word_1_137' title='bbox 2350 1103 2365 1120; x_wconf 82' lang='lat'>‚</span> <span class='ocrx_word' id='word_1_138' title='bbox 2383 1089 2435 1117; x_wconf 81' lang='lat' dir='ltr'>ex</span> <span class='ocrx_word' id='word_1_139' title='bbox 2449 1089 2534 1133; x_wconf 88' lang='lat' dir='ltr'>quo</span> <span class='ocrx_word' id='word_1_140' title='bbox 2545 1076 2610 1119; x_wconf 82' lang='lat' dir='ltr'>dc-</span> 
     </span>
     <span class='ocr_line' id='line_1_17' title="bbox 964 1132 2613 1194; baseline 0.001 -17"><span class='ocrx_word' id='word_1_141' title='bbox 964 1132 1311 1194; x_wconf 73' lang='lat' dir='ltr'>pender.nimi1im</span> <span class='ocrx_word' id='word_1_142' title='bbox 1326 1132 1513 1179; x_wconf 80' lang='lat' dir='ltr'>distrahat</span> <span class='ocrx_word' id='word_1_143' title='bbox 1526 1165 1538 1183; x_wconf 95' lang='lat'>,</span> <span class='ocrx_word' id='word_1_144' title='bbox 1548 1135 1658 1177; x_wconf 88' lang='lat' dir='ltr'>unde</span> <span class='ocrx_word' id='word_1_145' title='bbox 1676 1133 1763 1177; x_wconf 79' lang='lat' dir='ltr'>uim</span> <span class='ocrx_word' id='word_1_146' title='bbox 1777 1133 1932 1178; x_wconf 85' lang='lat' dir='ltr'>doloris</span> <span class='ocrx_word' id='word_1_147' title='bbox 1951 1132 2126 1183; x_wconf 88' lang='lat' dir='ltr'>morsus,</span> <span class='ocrx_word' id='word_1_148' title='bbox 2141 1133 2227 1178; x_wconf 75' lang='lat' dir='ltr'>turn</span> <span class='ocrx_word' id='word_1_149' title='bbox 2241 1148 2407 1177; x_wconf 87' lang='lat' dir='ltr'>novum</span> <span class='ocrx_word' id='word_1_150' title='bbox 2424 1132 2613 1194; x_wconf 80' lang='lat' dir='ltr'>regreffu-</span> 
     </span>
     <span class='ocr_line' id='line_1_18' title="bbox 963 1192 2613 1253; baseline 0 -16"><span class='ocrx_word' id='word_1_151' title='bbox 963 1195 1017 1237; x_wconf 82' lang='lat' dir='ltr'>ris</span> <span class='ocrx_word' id='word_1_152' title='bbox 1042 1193 1278 1237; x_wconf 87' lang='lat' dir='ltr'>humoribus</span> <span class='ocrx_word' id='word_1_153' title='bbox 1300 1192 1636 1253; x_wconf 86' lang='lat' dir='ltr'>impedimentum</span> <span class='ocrx_word' id='word_1_154' title='bbox 1649 1223 1662 1243; x_wconf 89' lang='lat'><em>‚</em></span> <span class='ocrx_word' id='word_1_155' title='bbox 1683 1208 1785 1252; x_wconf 88' lang='lat' dir='ltr'>opus</span> <span class='ocrx_word' id='word_1_156' title='bbox 1804 1193 1869 1236; x_wconf 78' lang='lat' dir='ltr'>est&#39;</span> <span class='ocrx_word' id='word_1_157' title='bbox 1884 1209 1916 1236; x_wconf 80' lang='lat' dir='ltr'>a·</span> <span class='ocrx_word' id='word_1_158' title='bbox 1966 1209 2033 1236; x_wconf 86' lang='lat' dir='ltr'>um</span> <span class='ocrx_word' id='word_1_159' title='bbox 2054 1194 2111 1236; x_wconf 89' lang='lat' dir='ltr'>uti</span> <span class='ocrx_word' id='word_1_160' title='bbox 2129 1192 2383 1253; x_wconf 83' lang='lat' dir='ltr'>subligaculo</span> <span class='ocrx_word' id='word_1_161' title='bbox 2385 1193 2613 1252; x_wconf 71' lang='lat' dir='ltr'>fhspensme</span> 
     </span>
     <span class='ocr_line' id='line_1_19' title="bbox 962 1250 2609 1319; baseline 0.001 -23"><span class='ocrx_word' id='word_1_162' title='bbox 962 1253 1099 1302; x_wconf 66' lang='lat' dir='ltr'>dieto,</span> <span class='ocrx_word' id='word_1_163' title='bbox 1121 1259 1232 1311; x_wconf 85' lang='lat' dir='ltr'>cujus</span> <span class='ocrx_word' id='word_1_164' title='bbox 1246 1269 1325 1319; x_wconf 79' lang='lat' dir='ltr'>ope</span> <span class='ocrx_word' id='word_1_165' title='bbox 1348 1255 1388 1295; x_wconf 90' lang='lat' dir='ltr'>in</span> <span class='ocrx_word' id='word_1_166' title='bbox 1404 1250 1577 1312; x_wconf 79' lang='lat' dir='ltr'>appenso</span> <span class='ocrx_word' id='word_1_167' title='bbox 1600 1250 1700 1295; x_wconf 90' lang='lat' dir='ltr'>folle</span> <span class='ocrx_word' id='word_1_168' title='bbox 1717 1250 1793 1294; x_wconf 84' lang='lat' dir='ltr'>sive</span> <span class='ocrx_word' id='word_1_169' title='bbox 1815 1267 1899 1296; x_wconf 84' lang='lat' dir='ltr'>mar</span> <span class='ocrx_word' id='word_1_170' title='bbox 1917 1253 2013 1311; x_wconf 89' lang='lat' dir='ltr'>upio</span> <span class='ocrx_word' id='word_1_171' title='bbox 2042 1252 2146 1295; x_wconf 86' lang='lat' dir='ltr'>restis</span> <span class='ocrx_word' id='word_1_172' title='bbox 2167 1267 2342 1311; x_wconf 86' lang='lat' dir='ltr'>uterque</span> <span class='ocrx_word' id='word_1_173' title='bbox 2363 1250 2609 1297; x_wconf 86' lang='lat' dir='ltr'>sustineatur.</span> 
     </span>
     <span class='ocr_line' id='line_1_20' title="bbox 1030 1310 2611 1372; baseline 0 -17"><span class='ocrx_word' id='word_1_174' title='bbox 1030 1326 1098 1366; x_wconf 80' lang='lat'>3⁰.</span> <span class='ocrx_word' id='word_1_175' title='bbox 1122 1312 1246 1355; x_wconf 72' lang='lat' dir='ltr'>Porro</span> <span class='ocrx_word' id='word_1_176' title='bbox 1271 1310 1407 1355; x_wconf 73' lang='lat' dir='ltr'>ledulo</span> <span class='ocrx_word' id='word_1_177' title='bbox 1424 1312 1644 1355; x_wconf 84' lang='lat' dir='ltr'>cavendum</span> <span class='ocrx_word' id='word_1_178' title='bbox 1658 1341 1672 1360; x_wconf 93' lang='lat'>,</span> <span class='ocrx_word' id='word_1_179' title='bbox 1693 1327 1744 1354; x_wconf 88' lang='lat' dir='ltr'>ne</span> <span class='ocrx_word' id='word_1_180' title='bbox 1764 1310 2036 1354; x_wconf 88' lang='lat' dir='ltr'>immoderato</span> <span class='ocrx_word' id='word_1_181' title='bbox 2058 1326 2127 1355; x_wconf 88' lang='lat' dir='ltr'>aut</span> <span class='ocrx_word' id='word_1_182' title='bbox 2158 1311 2413 1372; x_wconf 70' lang='lat' dir='ltr'>praepostero</span> <span class='ocrx_word' id='word_1_183' title='bbox 2430 1310 2499 1356; x_wconf 88' lang='lat' dir='ltr'>usu</span> <span class='ocrx_word' id='word_1_184' title='bbox 2519 1313 2611 1355; x_wconf 82' lang='lat' dir='ltr'>inci·</span> 
     </span>
     <span class='ocr_line' id='line_1_21' title="bbox 966 1368 2608 1419; baseline 0.001 -5"><span class='ocrx_word' id='word_1_185' title='bbox 966 1372 1149 1414; x_wconf 84' lang='lat' dir='ltr'>dentium</span> <span class='ocrx_word' id='word_1_186' title='bbox 1173 1376 1215 1414; x_wconf 88' lang='lat'>&amp;</span> <span class='ocrx_word' id='word_1_187' title='bbox 1233 1370 1515 1415; x_wconf 75' lang='lat' dir='ltr'>resolve-urium</span> <span class='ocrx_word' id='word_1_188' title='bbox 1536 1372 1785 1414; x_wconf 87' lang='lat' dir='ltr'>internorum</span> <span class='ocrx_word' id='word_1_189' title='bbox 1809 1385 1879 1414; x_wconf 88' lang='lat' dir='ltr'>aut</span> <span class='ocrx_word' id='word_1_190' title='bbox 1902 1384 2156 1419; x_wconf 76' lang='lat' dir='ltr'>externorum</span> <span class='ocrx_word' id='word_1_191' title='bbox 2168 1368 2416 1415; x_wconf 84' lang='lat' dir='ltr'>skirrhodes</span> <span class='ocrx_word' id='word_1_192' title='bbox 2445 1371 2550 1415; x_wconf 83' lang='lat' dir='ltr'>testis</span> <span class='ocrx_word' id='word_1_193' title='bbox 2570 1372 2608 1415; x_wconf 83' lang='lat' dir='ltr'>in</span> 
     </span>
     <span class='ocr_line' id='line_1_22' title="bbox 964 1427 2610 1491; baseline 0.001 -18"><span class='ocrx_word' id='word_1_194' title='bbox 964 1428 1179 1485; x_wconf 74' lang='lat' dir='ltr'>abscessum</span> <span class='ocrx_word' id='word_1_195' title='bbox 1205 1429 1322 1474; x_wconf 82' lang='lat' dir='ltr'>abeat</span> <span class='ocrx_word' id='word_1_196' title='bbox 1338 1460 1351 1480; x_wconf 93' lang='lat'>,</span> <span class='ocrx_word' id='word_1_197' title='bbox 1375 1430 1492 1489; x_wconf 91' lang='lat' dir='ltr'>quod</span> <span class='ocrx_word' id='word_1_198' title='bbox 1512 1446 1559 1473; x_wconf 82' lang='lat' dir='ltr'>ex</span> <span class='ocrx_word' id='word_1_199' title='bbox 1584 1427 1838 1489; x_wconf 83' lang='lat' dir='ltr'>praesentibus</span> <span class='ocrx_word' id='word_1_200' title='bbox 1865 1428 2157 1490; x_wconf 84' lang='lat' dir='ltr'>supputationis</span> <span class='ocrx_word' id='word_1_201' title='bbox 2180 1428 2302 1489; x_wconf 76' lang='lat' dir='ltr'>lignis</span> <span class='ocrx_word' id='word_1_202' title='bbox 2318 1430 2461 1491; x_wconf 87' lang='lat' dir='ltr'>palam</span> <span class='ocrx_word' id='word_1_203' title='bbox 2486 1428 2610 1481; x_wconf 77' lang='lat' dir='ltr'>foret3</span> 
     </span>
     <span class='ocr_line' id='line_1_23' title="bbox 965 1487 2611 1549; baseline 0.001 -17"><span class='ocrx_word' id='word_1_204' title='bbox 965 1503 1037 1533; x_wconf 75' lang='lat' dir='ltr'>aut</span> <span class='ocrx_word' id='word_1_205' title='bbox 1066 1487 1179 1548; x_wconf 89' lang='lat' dir='ltr'>quod</span> <span class='ocrx_word' id='word_1_206' title='bbox 1209 1493 1320 1549; x_wconf 85' lang='lat' dir='ltr'>pejus</span> <span class='ocrx_word' id='word_1_207' title='bbox 1353 1490 1434 1539; x_wconf 82' lang='lat' dir='ltr'>est,</span> <span class='ocrx_word' id='word_1_208' title='bbox 1458 1490 1826 1534; x_wconf 78' lang='lat' dir='ltr'>carcinomatodem</span> <span class='ocrx_word' id='word_1_209' title='bbox 1858 1503 2039 1533; x_wconf 87' lang='lat' dir='ltr'>naturam</span> <span class='ocrx_word' id='word_1_210' title='bbox 2070 1489 2264 1549; x_wconf 87' lang='lat' dir='ltr'>paulatim</span> <span class='ocrx_word' id='word_1_211' title='bbox 2290 1490 2535 1540; x_wconf 82' lang='lat' dir='ltr'>contrahat,</span> <span class='ocrx_word' id='word_1_212' title='bbox 2563 1491 2611 1534; x_wconf 87' lang='lat' dir='ltr'>de</span> 
     </span>
     <span class='ocr_line' id='line_1_24' title="bbox 965 1547 2608 1609; baseline 0.001 -17"><span class='ocrx_word' id='word_1_213' title='bbox 965 1564 1051 1608; x_wconf 87' lang='lat' dir='ltr'>quo</span> <span class='ocrx_word' id='word_1_214' title='bbox 1067 1550 1297 1606; x_wconf 59' lang='lat' dir='ltr'>conjustura</span> <span class='ocrx_word' id='word_1_215' title='bbox 1318 1547 1414 1592; x_wconf 80' lang='lat' dir='ltr'>effer</span> <span class='ocrx_word' id='word_1_216' title='bbox 1425 1564 1472 1591; x_wconf 87' lang='lat' dir='ltr'>ex</span> <span class='ocrx_word' id='word_1_217' title='bbox 1490 1548 1655 1609; x_wconf 65' lang='lat' dir='ltr'>repetita</span> <span class='ocrx_word' id='word_1_218' title='bbox 1666 1548 1820 1593; x_wconf 89' lang='lat' dir='ltr'>doloris</span> <span class='ocrx_word' id='word_1_219' title='bbox 1838 1547 2131 1595; x_wconf 63' lang='lat' dir='ltr'>laudunicae,</span> <span class='ocrx_word' id='word_1_220' title='bbox 2151 1553 2195 1593; x_wconf 71' lang='grc' dir='ltr'>δε</span> <span class='ocrx_word' id='word_1_221' title='bbox 2214 1550 2407 1593; x_wconf 71' lang='lat' dir='ltr'>varicoszi</span> <span class='ocrx_word' id='word_1_222' title='bbox 2427 1564 2608 1593; x_wconf 83' lang='lat' dir='ltr'>venatum</span> 
     </span>
     <span class='ocr_line' id='line_1_25' title="bbox 965 1602 2606 1670; baseline -0.001 -18"><span class='ocrx_word' id='word_1_223' title='bbox 965 1602 1159 1652; x_wconf 76' lang='lat' dir='ltr'>eircumre</span> <span class='ocrx_word' id='word_1_224' title='bbox 1189 1610 1346 1652; x_wconf 83' lang='lat' dir='ltr'>entium</span> <span class='ocrx_word' id='word_1_225' title='bbox 1368 1607 1613 1651; x_wconf 80' lang='lat' dir='ltr'>dilatatione.</span> <span class='ocrx_word' id='word_1_226' title='bbox 1640 1607 1817 1652; x_wconf 86' lang='lat' dir='ltr'>Proinde</span> <span class='ocrx_word' id='word_1_227' title='bbox 1838 1607 1953 1651; x_wconf 85' lang='lat' dir='ltr'>satius</span> <span class='ocrx_word' id='word_1_228' title='bbox 1983 1608 2037 1650; x_wconf 90' lang='lat' dir='ltr'>est</span> <span class='ocrx_word' id='word_1_229' title='bbox 2055 1607 2203 1652; x_wconf 84' lang='lat' dir='ltr'>malum</span> <span class='ocrx_word' id='word_1_230' title='bbox 2217 1637 2231 1655; x_wconf 87' lang='lat'>‚</span> <span class='ocrx_word' id='word_1_231' title='bbox 2257 1608 2383 1670; x_wconf 85' lang='lat' dir='ltr'>quod</span> <span class='ocrx_word' id='word_1_232' title='bbox 2398 1623 2606 1668; x_wconf 86' lang='lat' dir='ltr'>quantum-</span> 
     </span>
     <span class='ocr_line' id='line_1_26' title="bbox 964 1663 2608 1727; baseline 0.001 -17"><span class='ocrx_word' id='word_1_233' title='bbox 964 1682 1127 1726; x_wconf 88' lang='lat' dir='ltr'>cunque</span> <span class='ocrx_word' id='word_1_234' title='bbox 1174 1681 1229 1717; x_wconf 76' lang='grc' dir='ltr'>ιτ,</span> <span class='ocrx_word' id='word_1_235' title='bbox 1258 1666 1435 1726; x_wconf 65' lang='lat' dir='ltr'>praesenti</span> <span class='ocrx_word' id='word_1_236' title='bbox 1463 1665 1642 1727; x_wconf 86' lang='lat' dir='ltr'>periculo</span> <span class='ocrx_word' id='word_1_237' title='bbox 1666 1680 1793 1717; x_wconf 87' lang='lat' dir='ltr'>caret,</span> <span class='ocrx_word' id='word_1_238' title='bbox 1810 1663 1969 1711; x_wconf 88' lang='lat' dir='ltr'>fortiter</span> <span class='ocrx_word' id='word_1_239' title='bbox 1992 1668 2096 1727; x_wconf 83' lang='lat' dir='ltr'>pati,</span> <span class='ocrx_word' id='word_1_240' title='bbox 2112 1666 2235 1727; x_wconf 65' lang='lat' dir='ltr'>quarn</span> <span class='ocrx_word' id='word_1_241' title='bbox 2255 1668 2488 1727; x_wconf 86' lang='lat' dir='ltr'>impotenti</span> <span class='ocrx_word' id='word_1_242' title='bbox 2511 1670 2608 1712; x_wconf 77' lang='lat' dir='ltr'>(ana-</span> 
     </span>
    </p>
   </div>
   <div class='ocr_carea' id='block_1_6' title="bbox 934 1724 2499 1786">
    <p class='ocr_par' dir='ltr' id='par_1_6' title="bbox 934 1724 2499 1786">
     <span class='ocr_line' id='line_1_27' title="bbox 934 1724 2499 1786; baseline 0.001 -16"><span class='ocrx_word' id='word_1_243' title='bbox 934 1772 937 1775; x_wconf 62' lang='lat'><em>,</em></span> <span class='ocrx_word' id='word_1_244' title='bbox 965 1728 1088 1770; x_wconf 87' lang='lat' dir='ltr'>tionis</span> <span class='ocrx_word' id='word_1_245' title='bbox 1112 1724 1308 1771; x_wconf 82' lang='lat' dir='ltr'>defiderio</span> <span class='ocrx_word' id='word_1_246' title='bbox 1330 1742 1375 1770; x_wconf 87' lang='lat' dir='ltr'>ea</span> <span class='ocrx_word' id='word_1_247' title='bbox 1398 1728 1563 1786; x_wconf 80' lang='lat' dir='ltr'>experiri</span> <span class='ocrx_word' id='word_1_248' title='bbox 1582 1726 1758 1770; x_wconf 88' lang='lat' dir='ltr'>remedia</span> <span class='ocrx_word' id='word_1_249' title='bbox 1772 1757 1785 1776; x_wconf 92' lang='lat'>,</span> <span class='ocrx_word' id='word_1_250' title='bbox 1804 1725 1949 1786; x_wconf 88' lang='lat' dir='ltr'>quibus</span> <span class='ocrx_word' id='word_1_251' title='bbox 1969 1725 2131 1770; x_wconf 81' lang='lat' dir='ltr'>morbus</span> <span class='ocrx_word' id='word_1_252' title='bbox 2152 1725 2395 1786; x_wconf 80' lang='lat' dir='ltr'>desperatus</span> <span class='ocrx_word' id='word_1_253' title='bbox 2417 1726 2499 1772; x_wconf 83' lang='lat' dir='ltr'>fiat.</span> 
     </span>
    </p>
   </div>
   <div class='ocr_carea' id='block_1_7' title="bbox 964 1783 2609 1906">
    <p class='ocr_par' dir='ltr' id='par_1_7' title="bbox 964 1783 2609 1906">
     <span class='ocr_line' id='line_1_28' title="bbox 1023 1783 2606 1847; baseline 0.001 -19"><span class='ocrx_word' id='word_1_254' title='bbox 1023 1794 1093 1838; x_wconf 75' lang='lat'>4⁰.</span> <span class='ocrx_word' id='word_1_255' title='bbox 1119 1786 1248 1841; x_wconf 73' lang='lat' dir='ltr'>de</span> <span class='ocrx_word' id='word_1_256' title='bbox 1263 1783 1291 1828; x_wconf 83' lang='lat' dir='ltr'>fi</span> <span class='ocrx_word' id='word_1_257' title='bbox 1313 1786 1436 1828; x_wconf 86' lang='lat' dir='ltr'>nimia</span> <span class='ocrx_word' id='word_1_258' title='bbox 1453 1786 1620 1829; x_wconf 86' lang='lat' dir='ltr'>tumoris</span> <span class='ocrx_word' id='word_1_259' title='bbox 1641 1785 1770 1828; x_wconf 86' lang='lat' dir='ltr'>moles</span> <span class='ocrx_word' id='word_1_260' title='bbox 1786 1815 1799 1835; x_wconf 90' lang='lat'>‚</span> <span class='ocrx_word' id='word_1_261' title='bbox 1817 1800 1885 1829; x_wconf 83' lang='lat' dir='ltr'>aut</span> <span class='ocrx_word' id='word_1_262' title='bbox 1899 1785 2062 1840; x_wconf 81' lang='lat' dir='ltr'>durities</span> <span class='ocrx_word' id='word_1_263' title='bbox 2084 1784 2193 1844; x_wconf 79' lang='lat' dir='ltr'>quali</span> <span class='ocrx_word' id='word_1_264' title='bbox 2205 1785 2374 1847; x_wconf 85' lang='lat' dir='ltr'>lapidea</span> <span class='ocrx_word' id='word_1_265' title='bbox 2400 1785 2511 1847; x_wconf 79' lang='lat' dir='ltr'>spem</span> <span class='ocrx_word' id='word_1_266' title='bbox 2523 1802 2606 1830; x_wconf 82' lang='lat' dir='ltr'>om·</span> 
     </span>
     <span class='ocr_line' id='line_1_29' title="bbox 964 1842 2609 1906; baseline 0.002 -19"><span class='ocrx_word' id='word_1_267' title='bbox 964 1860 1061 1887; x_wconf 84' lang='lat' dir='ltr'>nem</span> <span class='ocrx_word' id='word_1_268' title='bbox 1084 1845 1300 1904; x_wconf 63' lang='lat' dir='ltr'>praecidant</span> <span class='ocrx_word' id='word_1_269' title='bbox 1333 1843 1475 1888; x_wconf 81' lang='lat' dir='ltr'>futurae</span> <span class='ocrx_word' id='word_1_270' title='bbox 1501 1843 1753 1888; x_wconf 76' lang='lat' dir='ltr'>resolutionis</span> <span class='ocrx_word' id='word_1_271' title='bbox 1770 1875 1783 1894; x_wconf 94' lang='lat'>,</span> <span class='ocrx_word' id='word_1_272' title='bbox 1811 1842 1840 1888; x_wconf 83' lang='lat' dir='ltr'>fi</span> <span class='ocrx_word' id='word_1_273' title='bbox 1862 1845 1967 1888; x_wconf 87' lang='lat' dir='ltr'>testis</span> <span class='ocrx_word' id='word_1_274' title='bbox 1986 1846 2170 1904; x_wconf 86' lang='lat' dir='ltr'>pondere</span> <span class='ocrx_word' id='word_1_275' title='bbox 2186 1846 2321 1888; x_wconf 88' lang='lat' dir='ltr'>nimio</span> <span class='ocrx_word' id='word_1_276' title='bbox 2344 1845 2609 1906; x_wconf 83' lang='lat' dir='ltr'>graviffimam</span> 
     </span>
    </p>
   </div>
   <div class='ocr_carea' id='block_1_8' title="bbox 914 1901 2608 1953">
    <p class='ocr_par' dir='ltr' id='par_1_8' title="bbox 914 1901 2608 1953">
     <span class='ocr_line' id='line_1_30' title="bbox 914 1901 2608 1953; baseline 0.001 -5"><span class='ocrx_word' id='word_1_277' title='bbox 914 1917 921 1929; x_wconf 94' lang='grc'><strong><em>·</em></strong></span> <span class='ocrx_word' id='word_1_278' title='bbox 968 1903 1154 1948; x_wconf 80' lang='lat' dir='ltr'>exhibeat</span> <span class='ocrx_word' id='word_1_279' title='bbox 1171 1902 1412 1953; x_wconf 80' lang='lat' dir='ltr'>molestiam,</span> <span class='ocrx_word' id='word_1_280' title='bbox 1437 1901 1463 1946; x_wconf 85' lang='lat' dir='ltr'>fi</span> <span class='ocrx_word' id='word_1_281' title='bbox 1519 1904 1710 1948; x_wconf 88' lang='lat' dir='ltr'>ericulum</span> <span class='ocrx_word' id='word_1_282' title='bbox 1725 1902 1771 1947; x_wconf 86' lang='lat' dir='ltr'>fit</span> <span class='ocrx_word' id='word_1_283' title='bbox 1789 1919 1840 1947; x_wconf 87' lang='lat' dir='ltr'>ne</span> <span class='ocrx_word' id='word_1_284' title='bbox 1860 1902 2010 1947; x_wconf 87' lang='lat' dir='ltr'>malum</span> <span class='ocrx_word' id='word_1_285' title='bbox 2028 1902 2048 1947; x_wconf 71' lang='grc' dir='ltr'>ἓι</span> <span class='ocrx_word' id='word_1_286' title='bbox 2069 1905 2164 1948; x_wconf 88' lang='lat' dir='ltr'>teste</span> <span class='ocrx_word' id='word_1_287' title='bbox 2180 1903 2233 1948; x_wconf 86' lang='lat' dir='ltr'>ad</span> <span class='ocrx_word' id='word_1_288' title='bbox 2252 1902 2494 1949; x_wconf 87' lang='lat' dir='ltr'>funiculum</span> <span class='ocrx_word' id='word_1_289' title='bbox 2515 1904 2541 1949; x_wconf 91' lang='lat' dir='ltr'>s</span> <span class='ocrx_word' id='word_1_290' title='bbox 2591 1930 2608 1940; x_wconf 89' lang='lat'><strong>·</strong></span> 
     </span>
    </p>
   </div>
   <div class='ocr_carea' id='block_1_9' title="bbox 951 1962 2609 3317">
    <p class='ocr_par' dir='ltr' id='par_1_9' title="bbox 963 1962 2609 2125">
     <span class='ocr_line' id='line_1_31' title="bbox 965 1962 2609 2022; baseline 0.001 -15"><span class='ocrx_word' id='word_1_291' title='bbox 965 1964 1155 2007; x_wconf 79' lang='lat' dir='ltr'>m&#39;aticum</span> <span class='ocrx_word' id='word_1_292' title='bbox 1171 1993 1184 2012; x_wconf 92' lang='lat'>,</span> <span class='ocrx_word' id='word_1_293' title='bbox 1208 1968 1251 2007; x_wconf 67' lang='lat'>8&lt;</span> <span class='ocrx_word' id='word_1_294' title='bbox 1271 1962 1366 2006; x_wconf 85' lang='lat' dir='ltr'>inde</span> <span class='ocrx_word' id='word_1_295' title='bbox 1390 1962 1443 2007; x_wconf 85' lang='lat' dir='ltr'>ad</span> <span class='ocrx_word' id='word_1_296' title='bbox 1468 1979 1491 2006; x_wconf 88' lang='lat' dir='ltr'>a</span> <span class='ocrx_word' id='word_1_297' title='bbox 1551 1979 1672 2006; x_wconf 88' lang='lat' dir='ltr'>omen</span> <span class='ocrx_word' id='word_1_298' title='bbox 1695 1962 1749 2006; x_wconf 89' lang='lat' dir='ltr'>us</span> <span class='ocrx_word' id='word_1_299' title='bbox 1767 1979 1818 2006; x_wconf 89' lang='lat' dir='ltr'>ue</span> <span class='ocrx_word' id='word_1_300' title='bbox 1844 1975 2072 2022; x_wconf 83' lang='lat' dir='ltr'>procurrat,</span> <span class='ocrx_word' id='word_1_301' title='bbox 2095 1963 2147 2008; x_wconf 88' lang='lat' dir='ltr'>de</span> <span class='ocrx_word' id='word_1_302' title='bbox 2170 1963 2362 2008; x_wconf 86' lang='lat' dir='ltr'>testiculo</span> <span class='ocrx_word' id='word_1_303' title='bbox 2382 1964 2515 2008; x_wconf 84' lang='lat' dir='ltr'>exscin</span> <span class='ocrx_word' id='word_1_304' title='bbox 2544 1981 2609 2008; x_wconf 86' lang='lat' dir='ltr'>en-</span> 
     </span>
     <span class='ocr_line' id='line_1_32' title="bbox 963 1979 2606 2123; baseline 0.002 -58"><span class='ocrx_word' id='word_1_305' title='bbox 963 2023 1022 2123; x_wconf 60' lang='lat' dir='ltr'>do</span> <span class='ocrx_word' id='word_1_306' title='bbox 1049 2022 1311 2123; x_wconf 69' lang='lat' dir='ltr'>cogitasndum</span> <span class='ocrx_word' id='word_1_307' title='bbox 1336 2022 1415 2074; x_wconf 85' lang='lat' dir='ltr'>est,</span> <span class='ocrx_word' id='word_1_308' title='bbox 1437 2020 1650 2085; x_wconf 71' lang='lat' dir='ltr'>praelertim</span> <span class='ocrx_word' id='word_1_309' title='bbox 1679 2021 1706 2068; x_wconf 87' lang='lat' dir='ltr'>si</span> <span class='ocrx_word' id='word_1_310' title='bbox 1735 1979 1993 2087; x_wconf 48' lang='lat' dir='ltr'>suppuratum</span> <span class='ocrx_word' id='word_1_311' title='bbox 2019 2024 2148 2071; x_wconf 82' lang='lat' dir='ltr'>autin</span> <span class='ocrx_word' id='word_1_312' title='bbox 2170 2024 2411 2070; x_wconf 82' lang='lat' dir='ltr'>carcinoma</span> <span class='ocrx_word' id='word_1_313' title='bbox 2430 2024 2606 2085; x_wconf 64' lang='lat' dir='ltr'>proxime</span> 
     </span>
     <span class='ocr_line' id='line_1_33' title="bbox 995 2095 1226 2125; baseline 0 0"><span class='ocrx_word' id='word_1_314' title='bbox 995 2097 1015 2125; x_wconf 89' lang='lat' dir='ltr'>e</span> <span class='ocrx_word' id='word_1_315' title='bbox 1047 2096 1140 2124; x_wconf 87' lang='lat' dir='ltr'>ener</span> <span class='ocrx_word' id='word_1_316' title='bbox 1184 2095 1226 2125; x_wconf 81' lang='lat' dir='ltr'>ir.</span> 
     </span>
    </p>

    <p class='ocr_par' dir='ltr' id='par_1_10' title="bbox 951 2095 2608 2558">
     <span class='ocr_line' id='line_1_34' title="bbox 974 2095 2608 2203; baseline 0.002 -20"><span class='ocrx_word' id='word_1_317' title='bbox 974 2173 979 2178; x_wconf 93' lang='lat'><em>.</em></span> <span class='ocrx_word' id='word_1_318' title='bbox 1017 2095 1098 2195; x_wconf 58' lang='grc' dir='ltr'>ὅς’.</span> <span class='ocrx_word' id='word_1_319' title='bbox 1115 2139 1222 2190; x_wconf 72' lang='lat' dir='ltr'>Prius</span> <span class='ocrx_word' id='word_1_320' title='bbox 1252 2155 1385 2183; x_wconf 88' lang='lat' dir='ltr'>tamen</span> <span class='ocrx_word' id='word_1_321' title='bbox 1409 2138 1522 2184; x_wconf 61' lang='lat' dir='ltr'>cauti:</span> <span class='ocrx_word' id='word_1_322' title='bbox 1543 2139 1834 2185; x_wconf 85' lang='lat' dir='ltr'>attendendum</span> <span class='ocrx_word' id='word_1_323' title='bbox 1855 2141 1937 2190; x_wconf 87' lang='lat' dir='ltr'>est,</span> <span class='ocrx_word' id='word_1_324' title='bbox 1959 2138 2095 2184; x_wconf 76' lang='lat' dir='ltr'>utrum</span> <span class='ocrx_word' id='word_1_325' title='bbox 2112 2137 2315 2186; x_wconf 80' lang='lat' dir='ltr'>funiculus</span> <span class='ocrx_word' id='word_1_326' title='bbox 2340 2142 2608 2203; x_wconf 79' lang='lat' dir='ltr'>spermaticus,</span> 
     </span>
     <span class='ocr_line' id='line_1_35' title="bbox 960 2196 2605 2260; baseline 0.002 -18"><span class='ocrx_word' id='word_1_327' title='bbox 960 2215 1087 2259; x_wconf 77' lang='lat' dir='ltr'>quem</span> <span class='ocrx_word' id='word_1_328' title='bbox 1106 2201 1246 2243; x_wconf 85' lang='lat' dir='ltr'>arteria</span> <span class='ocrx_word' id='word_1_329' title='bbox 1273 2215 1455 2249; x_wconf 79' lang='lat' dir='ltr'>venaqne</span> <span class='ocrx_word' id='word_1_330' title='bbox 1479 2198 1505 2242; x_wconf 91' lang='lat' dir='ltr'>s</span> <span class='ocrx_word' id='word_1_331' title='bbox 1524 2202 1711 2243; x_wconf 83' lang='lat' dir='ltr'>ermarica</span> <span class='ocrx_word' id='word_1_332' title='bbox 1732 2229 1745 2248; x_wconf 85' lang='lat'><em>,</em></span> <span class='ocrx_word' id='word_1_333' title='bbox 1766 2215 1834 2243; x_wconf 87' lang='lat' dir='ltr'>vas</span> <span class='ocrx_word' id='word_1_334' title='bbox 1856 2196 2038 2243; x_wconf 85' lang='lat' dir='ltr'>deferens</span> <span class='ocrx_word' id='word_1_335' title='bbox 2054 2229 2067 2246; x_wconf 94' lang='lat'>‚</span> <span class='ocrx_word' id='word_1_336' title='bbox 2091 2197 2351 2260; x_wconf 83' lang='lat' dir='ltr'>lymphatieae</span> <span class='ocrx_word' id='word_1_337' title='bbox 2376 2218 2492 2245; x_wconf 79' lang='lat' dir='ltr'>venae</span> <span class='ocrx_word' id='word_1_338' title='bbox 2510 2218 2605 2245; x_wconf 86' lang='lat' dir='ltr'>non-</span> 
     </span>
     <span class='ocr_line' id='line_1_36' title="bbox 964 2257 2605 2319; baseline 0.001 -17"><span class='ocrx_word' id='word_1_339' title='bbox 964 2259 1106 2306; x_wconf 81' lang='lat' dir='ltr'>nullae,</span> <span class='ocrx_word' id='word_1_340' title='bbox 1129 2274 1275 2302; x_wconf 88' lang='lat' dir='ltr'>nervus</span> <span class='ocrx_word' id='word_1_341' title='bbox 1291 2258 1426 2302; x_wconf 71' lang='lat' dir='ltr'>versus</span> <span class='ocrx_word' id='word_1_342' title='bbox 1449 2273 1487 2302; x_wconf 86' lang='lat' dir='ltr'>te</span> <span class='ocrx_word' id='word_1_343' title='bbox 1522 2274 1585 2302; x_wconf 90' lang='lat' dir='ltr'>em</span> <span class='ocrx_word' id='word_1_344' title='bbox 1611 2259 1898 2319; x_wconf 81' lang='lat' dir='ltr'>progrediens,</span> <span class='ocrx_word' id='word_1_345' title='bbox 1919 2262 1964 2301; x_wconf 75' lang='grc' dir='ltr'>δε</span> <span class='ocrx_word' id='word_1_346' title='bbox 1987 2257 2250 2319; x_wconf 77' lang='lat' dir='ltr'>suspensorius</span> <span class='ocrx_word' id='word_1_347' title='bbox 2272 2261 2389 2304; x_wconf 85' lang='lat' dir='ltr'>testis</span> <span class='ocrx_word' id='word_1_348' title='bbox 2410 2259 2605 2304; x_wconf 72' lang='lat' dir='ltr'>musculus</span> 
     </span>
     <span class='ocr_line' id='line_1_37' title="bbox 951 2316 2603 2379; baseline 0.001 -16"><span class='ocrx_word' id='word_1_349' title='bbox 951 2319 1220 2379; x_wconf 72' lang='lat' dir='ltr'>componunt</span> <span class='ocrx_word' id='word_1_350' title='bbox 1239 2349 1251 2364; x_wconf 93' lang='lat'>‚</span> <span class='ocrx_word' id='word_1_351' title='bbox 1288 2318 1421 2361; x_wconf 90' lang='lat' dir='ltr'>mollis</span> <span class='ocrx_word' id='word_1_352' title='bbox 1442 2316 1489 2361; x_wconf 84' lang='lat' dir='ltr'>fit</span> <span class='ocrx_word' id='word_1_353' title='bbox 1511 2322 1554 2361; x_wconf 90' lang='lat'>&amp;</span> <span class='ocrx_word' id='word_1_354' title='bbox 1583 2317 1770 2362; x_wconf 82' lang='lat' dir='ltr'>naturalis</span> <span class='ocrx_word' id='word_1_355' title='bbox 1790 2316 1908 2361; x_wconf 75' lang='lat' dir='ltr'>statiis</span> <span class='ocrx_word' id='word_1_356' title='bbox 1932 2319 2130 2362; x_wconf 80' lang='lat' dir='ltr'>retinens:</span> <span class='ocrx_word' id='word_1_357' title='bbox 2154 2321 2222 2362; x_wconf 86' lang='lat' dir='ltr'>Sin</span> <span class='ocrx_word' id='word_1_358' title='bbox 2249 2319 2371 2363; x_wconf 84' lang='lat' dir='ltr'>aliter</span> <span class='ocrx_word' id='word_1_359' title='bbox 2397 2321 2535 2370; x_wconf 88' lang='lat' dir='ltr'>enim,</span> <span class='ocrx_word' id='word_1_360' title='bbox 2556 2320 2603 2363; x_wconf 85' lang='lat' dir='ltr'>ab</span> 
     </span>
     <span class='ocr_line' id='line_1_38' title="bbox 962 2374 2601 2439; baseline 0 -18"><span class='ocrx_word' id='word_1_361' title='bbox 962 2379 1202 2439; x_wconf 80' lang='lat' dir='ltr'>operatione</span> <span class='ocrx_word' id='word_1_362' title='bbox 1223 2376 1382 2438; x_wconf 81' lang='lat' dir='ltr'>prorsus</span> <span class='ocrx_word' id='word_1_363' title='bbox 1404 2376 1681 2422; x_wconf 87' lang='lat' dir='ltr'>abstinendum</span> <span class='ocrx_word' id='word_1_364' title='bbox 1705 2374 1801 2420; x_wconf 68' lang='lat' dir='ltr'>esset</span> <span class='ocrx_word' id='word_1_365' title='bbox 1820 2408 1834 2426; x_wconf 94' lang='lat'>,</span> <span class='ocrx_word' id='word_1_366' title='bbox 1858 2375 1951 2420; x_wconf 72' lang='lat' dir='ltr'>cum</span> <span class='ocrx_word' id='word_1_367' title='bbox 1970 2376 2102 2437; x_wconf 81' lang='lat' dir='ltr'>palam</span> <span class='ocrx_word' id='word_1_368' title='bbox 2128 2377 2175 2421; x_wconf 84' lang='lat' dir='ltr'>fit</span> <span class='ocrx_word' id='word_1_369' title='bbox 2192 2394 2239 2422; x_wconf 85' lang='lat' dir='ltr'>ex</span> <span class='ocrx_word' id='word_1_370' title='bbox 2254 2378 2413 2423; x_wconf 85' lang='lat' dir='ltr'>calloso</span> <span class='ocrx_word' id='word_1_371' title='bbox 2438 2377 2601 2423; x_wconf 86' lang='lat' dir='ltr'>funiculi</span> 
     </span>
     <span class='ocr_line' id='line_1_39' title="bbox 962 2434 2600 2499; baseline 0.001 -18"><span class='ocrx_word' id='word_1_372' title='bbox 962 2449 1123 2481; x_wconf 77' lang='lat' dir='ltr'>tumore</span> <span class='ocrx_word' id='word_1_373' title='bbox 1144 2437 1332 2480; x_wconf 85' lang='lat' dir='ltr'>morbum</span> <span class='ocrx_word' id='word_1_374' title='bbox 1351 2438 1395 2479; x_wconf 85' lang='lat' dir='ltr'>in</span> <span class='ocrx_word' id='word_1_375' title='bbox 1417 2436 1620 2480; x_wconf 87' lang='lat' dir='ltr'>abdomen</span> <span class='ocrx_word' id='word_1_376' title='bbox 1638 2434 1762 2496; x_wconf 86' lang='lat' dir='ltr'>usque</span> <span class='ocrx_word' id='word_1_377' title='bbox 1783 2450 2019 2499; x_wconf 80' lang='lat' dir='ltr'>prorepere,</span> <span class='ocrx_word' id='word_1_378' title='bbox 2040 2452 2174 2497; x_wconf 89' lang='lat' dir='ltr'>neque</span> <span class='ocrx_word' id='word_1_379' title='bbox 2192 2438 2297 2483; x_wconf 74' lang='lat' dir='ltr'>adeo</span> <span class='ocrx_word' id='word_1_380' title='bbox 2319 2437 2484 2483; x_wconf 76' lang='lat' dir='ltr'>rescisso</span> <span class='ocrx_word' id='word_1_381' title='bbox 2511 2438 2600 2483; x_wconf 71' lang='lat' dir='ltr'>teste</span> 
     </span>
     <span class='ocr_line' id='line_1_40' title="bbox 962 2493 1745 2558; baseline 0 -20"><span class='ocrx_word' id='word_1_382' title='bbox 962 2493 1075 2558; x_wconf 79' lang='lat' dir='ltr'>posse</span> <span class='ocrx_word' id='word_1_383' title='bbox 1093 2495 1172 2539; x_wconf 68' lang='lat' dir='ltr'>ulia</span> <span class='ocrx_word' id='word_1_384' title='bbox 1186 2497 1341 2539; x_wconf 88' lang='lat' dir='ltr'>ratione</span> <span class='ocrx_word' id='word_1_385' title='bbox 1354 2494 1513 2555; x_wconf 73' lang='lat' dir='ltr'>penitus</span> <span class='ocrx_word' id='word_1_386' title='bbox 1536 2496 1745 2556; x_wconf 79' lang='lat' dir='ltr'>exffirpari.</span> 
     </span>
    </p>

    <p class='ocr_par' dir='ltr' id='par_1_11' title="bbox 962 2552 2599 3074">
     <span class='ocr_line' id='line_1_41' title="bbox 1025 2552 2599 2618; baseline 0.001 -20"><span class='ocrx_word' id='word_1_387' title='bbox 1025 2561 1051 2598; x_wconf 86' lang='lat'>6</span> <span class='ocrx_word' id='word_1_388' title='bbox 1058 2563 1098 2598; x_wconf 79' lang='lat'>⁹.</span> <span class='ocrx_word' id='word_1_389' title='bbox 1118 2557 1342 2614; x_wconf 88' lang='lat' dir='ltr'>Nunquam</span> <span class='ocrx_word' id='word_1_390' title='bbox 1364 2552 1518 2598; x_wconf 66' lang='lat' dir='ltr'>felicius</span> <span class='ocrx_word' id='word_1_391' title='bbox 1536 2553 1708 2599; x_wconf 86' lang='lat' dir='ltr'>succedit</span> <span class='ocrx_word' id='word_1_392' title='bbox 1729 2554 1812 2598; x_wconf 81' lang='lat' dir='ltr'>haec</span> <span class='ocrx_word' id='word_1_393' title='bbox 1828 2556 2033 2615; x_wconf 83' lang='lat' dir='ltr'>operatio,</span> <span class='ocrx_word' id='word_1_394' title='bbox 2056 2556 2178 2615; x_wconf 67' lang='lat' dir='ltr'>quam</span> <span class='ocrx_word' id='word_1_395' title='bbox 2191 2556 2354 2604; x_wconf 77' lang='lat' dir='ltr'>sidorso</span> <span class='ocrx_word' id='word_1_396' title='bbox 2368 2556 2599 2618; x_wconf 80' lang='lat' dir='ltr'>amputandi</span> 
     </span>
     <span class='ocr_line' id='line_1_42' title="bbox 964 2612 2599 2675; baseline 0 -17"><span class='ocrx_word' id='word_1_397' title='bbox 964 2614 1132 2659; x_wconf 88' lang='lat' dir='ltr'>testiculi</span> <span class='ocrx_word' id='word_1_398' title='bbox 1146 2614 1254 2675; x_wconf 76' lang='lat' dir='ltr'>prius</span> <span class='ocrx_word' id='word_1_399' title='bbox 1267 2628 1520 2675; x_wconf 84' lang='lat' dir='ltr'>apponantur</span> <span class='ocrx_word' id='word_1_400' title='bbox 1535 2613 1696 2658; x_wconf 85' lang='lat' dir='ltr'>frustula</span> <span class='ocrx_word' id='word_1_401' title='bbox 1712 2612 1867 2673; x_wconf 84' lang='lat' dir='ltr'>aliquot</span> <span class='ocrx_word' id='word_1_402' title='bbox 1886 2613 2028 2675; x_wconf 84' lang='lat' dir='ltr'>lapidis</span> <span class='ocrx_word' id='word_1_403' title='bbox 2042 2616 2260 2661; x_wconf 86' lang='lat' dir='ltr'>cauterialis</span> <span class='ocrx_word' id='word_1_404' title='bbox 2280 2616 2508 2661; x_wconf 86' lang='lat' dir='ltr'>ordinatim</span> <span class='ocrx_word' id='word_1_405' title='bbox 2527 2614 2599 2659; x_wconf 88' lang='lat' dir='ltr'>dis-</span> 
     </span>
     <span class='ocr_line' id='line_1_43' title="bbox 967 2672 2597 2735; baseline 0.002 -18"><span class='ocrx_word' id='word_1_406' title='bbox 967 2672 1095 2735; x_wconf 84' lang='lat' dir='ltr'>pofita</span> <span class='ocrx_word' id='word_1_407' title='bbox 1116 2704 1129 2721; x_wconf 85' lang='lat'><em>‚</em></span> <span class='ocrx_word' id='word_1_408' title='bbox 1155 2674 1301 2733; x_wconf 81' lang='lat' dir='ltr'>quibus</span> <span class='ocrx_word' id='word_1_409' title='bbox 1323 2672 1409 2717; x_wconf 73' lang='lat' dir='ltr'>tum</span> <span class='ocrx_word' id='word_1_410' title='bbox 1430 2673 1601 2730; x_wconf 84' lang='lat' dir='ltr'>scrotum</span> <span class='ocrx_word' id='word_1_411' title='bbox 1616 2704 1630 2723; x_wconf 90' lang='lat'>,</span> <span class='ocrx_word' id='word_1_412' title='bbox 1643 2672 1730 2716; x_wconf 75' lang='lat' dir='ltr'>tum</span> <span class='ocrx_word' id='word_1_413' title='bbox 1757 2672 1949 2733; x_wconf 84' lang='lat' dir='ltr'>vaginalis</span> <span class='ocrx_word' id='word_1_414' title='bbox 1977 2676 2110 2718; x_wconf 88' lang='lat' dir='ltr'>tunica</span> <span class='ocrx_word' id='word_1_415' title='bbox 2131 2677 2239 2721; x_wconf 85' lang='lat' dir='ltr'>testis</span> <span class='ocrx_word' id='word_1_416' title='bbox 2262 2675 2346 2721; x_wconf 71' lang='lat' dir='ltr'>alte</span> <span class='ocrx_word' id='word_1_417' title='bbox 2373 2678 2597 2721; x_wconf 78' lang='lat' dir='ltr'>erodantur.</span> 
     </span>
     <span class='ocr_line' id='line_1_44' title="bbox 967 2730 2597 2793; baseline 0.001 -17"><span class='ocrx_word' id='word_1_418' title='bbox 967 2735 1079 2786; x_wconf 78' lang='lat' dir='ltr'>Hinc</span> <span class='ocrx_word' id='word_1_419' title='bbox 1107 2736 1215 2777; x_wconf 88' lang='lat' dir='ltr'>enim</span> <span class='ocrx_word' id='word_1_420' title='bbox 1236 2734 1385 2778; x_wconf 63' lang='lat' dir='ltr'>ednoto</span> <span class='ocrx_word' id='word_1_421' title='bbox 1415 2731 1499 2777; x_wconf 70' lang='lat' dir='ltr'>sero</span> <span class='ocrx_word' id='word_1_422' title='bbox 1517 2739 1560 2778; x_wconf 89' lang='lat'>&amp;</span> <span class='ocrx_word' id='word_1_423' title='bbox 1583 2748 1707 2793; x_wconf 86' lang='lat' dir='ltr'>pure,</span> <span class='ocrx_word' id='word_1_424' title='bbox 1731 2731 1759 2776; x_wconf 83' lang='lat' dir='ltr'>fi</span> <span class='ocrx_word' id='word_1_425' title='bbox 1784 2748 1864 2792; x_wconf 86' lang='lat' dir='ltr'>qua</span> <span class='ocrx_word' id='word_1_426' title='bbox 1887 2730 1992 2778; x_wconf 73' lang='lat' dir='ltr'>forte</span> <span class='ocrx_word' id='word_1_427' title='bbox 2015 2734 2477 2783; x_wconf 71' lang='lat' dir='ltr'>lateant‚&amp;c0ntra&amp;o</span> <span class='ocrx_word' id='word_1_428' title='bbox 2500 2736 2597 2778; x_wconf 84' lang='lat' dir='ltr'>testi·</span> 
     </span>
     <span class='ocr_line' id='line_1_45' title="bbox 962 2791 2598 2855; baseline 0.001 -19"><span class='ocrx_word' id='word_1_429' title='bbox 962 2791 1060 2836; x_wconf 74' lang='lat' dir='ltr'>culo</span> <span class='ocrx_word' id='word_1_430' title='bbox 1083 2822 1096 2841; x_wconf 86' lang='lat'>‚</span> <span class='ocrx_word' id='word_1_431' title='bbox 1154 2793 1323 2852; x_wconf 87' lang='lat' dir='ltr'>uidquid</span> <span class='ocrx_word' id='word_1_432' title='bbox 1350 2792 1548 2851; x_wconf 86' lang='lat' dir='ltr'>reliquum</span> <span class='ocrx_word' id='word_1_433' title='bbox 1573 2792 1628 2836; x_wconf 89' lang='lat' dir='ltr'>cst</span> <span class='ocrx_word' id='word_1_434' title='bbox 1644 2792 1738 2836; x_wconf 87' lang='lat' dir='ltr'>licet</span> <span class='ocrx_word' id='word_1_435' title='bbox 1761 2791 1982 2852; x_wconf 69' lang='lat' dir='ltr'>expeditius</span> <span class='ocrx_word' id='word_1_436' title='bbox 2008 2793 2204 2855; x_wconf 85' lang='lat' dir='ltr'>prosequi.</span> <span class='ocrx_word' id='word_1_437' title='bbox 2227 2795 2354 2840; x_wconf 79' lang='lat' dir='ltr'>Adde</span> <span class='ocrx_word' id='word_1_438' title='bbox 2378 2795 2425 2839; x_wconf 65' lang='lat' dir='ltr'>ei</span> <span class='ocrx_word' id='word_1_439' title='bbox 2448 2796 2598 2839; x_wconf 83' lang='lat' dir='ltr'>ratione</span> 
     </span>
     <span class='ocr_line' id='line_1_46' title="bbox 963 2809 2597 2915; baseline 0.002 -20"><span class='ocrx_word' id='word_1_440' title='bbox 963 2852 1109 2895; x_wconf 75' lang='lat' dir='ltr'>cerritis</span> <span class='ocrx_word' id='word_1_441' title='bbox 1122 2809 1175 2894; x_wconf 48' lang='lat' dir='ltr'>(ili</span> <span class='ocrx_word' id='word_1_442' title='bbox 1204 2852 1314 2896; x_wconf 76' lang='lat' dir='ltr'>nolci</span> <span class='ocrx_word' id='word_1_443' title='bbox 1348 2854 1489 2896; x_wconf 85' lang='lat' dir='ltr'>statum</span> <span class='ocrx_word' id='word_1_444' title='bbox 1507 2851 1687 2896; x_wconf 36' lang='lat' dir='ltr'>*testiculi</span> <span class='ocrx_word' id='word_1_445' title='bbox 1710 2852 1919 2902; x_wconf 82' lang='lat' dir='ltr'>morbidi,</span> <span class='ocrx_word' id='word_1_446' title='bbox 1946 2869 2070 2913; x_wconf 89' lang='lat' dir='ltr'>quem</span> <span class='ocrx_word' id='word_1_447' title='bbox 2102 2854 2212 2899; x_wconf 70' lang='lat' dir='ltr'>nosse</span> <span class='ocrx_word' id='word_1_448' title='bbox 2233 2854 2429 2915; x_wconf 87' lang='lat' dir='ltr'>permulti</span> <span class='ocrx_word' id='word_1_449' title='bbox 2457 2851 2597 2902; x_wconf 82' lang='lat' dir='ltr'>refert,</span> 
     </span>
     <span class='ocr_line' id='line_1_47' title="bbox 962 2909 2593 2968; baseline 0.001 -14"><span class='ocrx_word' id='word_1_450' title='bbox 962 2910 1059 2955; x_wconf 73' lang='lat' dir='ltr'>etim</span> <span class='ocrx_word' id='word_1_451' title='bbox 1081 2912 1163 2955; x_wconf 81' lang='lat' dir='ltr'>acci</span> <span class='ocrx_word' id='word_1_452' title='bbox 1193 2913 1271 2959; x_wconf 80' lang='lat' dir='ltr'>‚erit</span> <span class='ocrx_word' id='word_1_453' title='bbox 1294 2927 1378 2955; x_wconf 81' lang='lat' dir='ltr'>non</span> <span class='ocrx_word' id='word_1_454' title='bbox 1403 2910 1523 2955; x_wconf 86' lang='lat' dir='ltr'>semel</span> <span class='ocrx_word' id='word_1_455' title='bbox 1542 2914 1586 2955; x_wconf 89' lang='lat' dir='ltr'>in</span> <span class='ocrx_word' id='word_1_456' title='bbox 1609 2909 1826 2968; x_wconf 85' lang='lat' dir='ltr'>hydrocele</span> <span class='ocrx_word' id='word_1_457' title='bbox 1840 2912 2009 2958; x_wconf 57' lang='lat' dir='ltr'>Amo&amp;</span> <span class='ocrx_word' id='word_1_458' title='bbox 2024 2914 2066 2956; x_wconf 91' lang='lat' dir='ltr'>in</span> <span class='ocrx_word' id='word_1_459' title='bbox 2088 2912 2305 2960; x_wconf 89' lang='lat' dir='ltr'>sarcocele‚</span> <span class='ocrx_word' id='word_1_460' title='bbox 2326 2928 2375 2957; x_wconf 89' lang='lat' dir='ltr'>ut</span> <span class='ocrx_word' id='word_1_461' title='bbox 2394 2912 2593 2958; x_wconf 84' lang='lat' dir='ltr'>testiculus</span> 
     </span>
     <span class='ocr_line' id='line_1_48' title="bbox 962 2967 2592 3034; baseline 0.002 -20"><span class='ocrx_word' id='word_1_462' title='bbox 962 2967 1045 3031; x_wconf 87' lang='lat' dir='ltr'>ipse</span> <span class='ocrx_word' id='word_1_463' title='bbox 1060 2968 1173 3014; x_wconf 73' lang='lat' dir='ltr'>lanus</span> <span class='ocrx_word' id='word_1_464' title='bbox 1189 2970 1281 3014; x_wconf 66' lang='lat' dir='ltr'>esset</span> <span class='ocrx_word' id='word_1_465' title='bbox 1295 2985 1529 3029; x_wconf 88' lang='lat' dir='ltr'>,totumque</span> <span class='ocrx_word' id='word_1_466' title='bbox 1542 2972 1685 3014; x_wconf 89' lang='lat' dir='ltr'>vitium</span> <span class='ocrx_word' id='word_1_467' title='bbox 1699 2968 1817 3030; x_wconf 79' lang='lat' dir='ltr'>ipsius</span> <span class='ocrx_word' id='word_1_468' title='bbox 1831 2972 1972 3016; x_wconf 88' lang='lat' dir='ltr'>tunicis</span> <span class='ocrx_word' id='word_1_469' title='bbox 1985 2972 2178 3017; x_wconf 87' lang='lat' dir='ltr'>adnatum</span> <span class='ocrx_word' id='word_1_470' title='bbox 2192 2970 2299 3017; x_wconf 86' lang='lat' dir='ltr'>foret</span> <span class='ocrx_word' id='word_1_471' title='bbox 2310 3002 2326 3024; x_wconf 88' lang='lat'>‚</span> <span class='ocrx_word' id='word_1_472' title='bbox 2339 2974 2405 3017; x_wconf 86' lang='lat' dir='ltr'>cui</span> <span class='ocrx_word' id='word_1_473' title='bbox 2422 2972 2592 3034; x_wconf 84' lang='lat' dir='ltr'>proinde</span> 
     </span>
     <span class='ocr_line' id='line_1_49' title="bbox 962 3027 1790 3074; baseline -0.002 0"><span class='ocrx_word' id='word_1_474' title='bbox 962 3029 1117 3074; x_wconf 87' lang='lat' dir='ltr'>mederi</span> <span class='ocrx_word' id='word_1_475' title='bbox 1140 3028 1257 3074; x_wconf 87' lang='lat' dir='ltr'>facile</span> <span class='ocrx_word' id='word_1_476' title='bbox 1282 3027 1358 3074; x_wconf 82' lang='lat' dir='ltr'>fuit</span> <span class='ocrx_word' id='word_1_477' title='bbox 1375 3032 1472 3073; x_wconf 82' lang='lat' dir='ltr'>citra</span> <span class='ocrx_word' id='word_1_478' title='bbox 1499 3030 1790 3074; x_wconf 86' lang='lat' dir='ltr'>castrationem.</span> 
     </span>
    </p>

    <p class='ocr_par' dir='ltr' id='par_1_12' title="bbox 960 3087 2599 3317">
     <span class='ocr_line' id='line_1_50' title="bbox 1024 3087 2595 3153; baseline 0.002 -21"><span class='ocrx_word' id='word_1_479' title='bbox 1024 3098 1095 3142; x_wconf 69' lang='lat'>79.</span> <span class='ocrx_word' id='word_1_480' title='bbox 1131 3090 1348 3151; x_wconf 81' lang='lat' dir='ltr'>Explorato</span> <span class='ocrx_word' id='word_1_481' title='bbox 1370 3090 1476 3134; x_wconf 77' lang='lat' dir='ltr'>testis</span> <span class='ocrx_word' id='word_1_482' title='bbox 1505 3089 1651 3133; x_wconf 85' lang='lat' dir='ltr'>morbo</span> <span class='ocrx_word' id='word_1_483' title='bbox 1668 3119 1681 3138; x_wconf 92' lang='lat'>,</span> <span class='ocrx_word' id='word_1_484' title='bbox 1705 3087 1734 3131; x_wconf 83' lang='lat' dir='ltr'>fi</span> <span class='ocrx_word' id='word_1_485' title='bbox 1756 3088 1878 3134; x_wconf 80' lang='lat' dir='ltr'>durus</span> <span class='ocrx_word' id='word_1_486' title='bbox 1898 3121 1911 3140; x_wconf 89' lang='lat'><strong>,</strong></span> <span class='ocrx_word' id='word_1_487' title='bbox 1934 3089 2165 3137; x_wconf 81' lang='lat' dir='ltr'>skirrhodes</span> <span class='ocrx_word' id='word_1_488' title='bbox 2189 3123 2203 3142; x_wconf 90' lang='lat'><strong>,</strong></span> <span class='ocrx_word' id='word_1_489' title='bbox 2229 3090 2412 3136; x_wconf 77' lang='lat' dir='ltr'>tumidus</span> <span class='ocrx_word' id='word_1_490' title='bbox 2428 3089 2595 3153; x_wconf 73' lang='lat' dir='ltr'>,fiippu-</span> 
     </span>
     <span class='ocr_line' id='line_1_51' title="bbox 962 3147 2598 3213; baseline 0.002 -22"><span class='ocrx_word' id='word_1_491' title='bbox 962 3160 1093 3195; x_wconf 78' lang='lat' dir='ltr'>ratus,</span> <span class='ocrx_word' id='word_1_492' title='bbox 1112 3148 1311 3207; x_wconf 83' lang='lat' dir='ltr'>syderatus</span> <span class='ocrx_word' id='word_1_493' title='bbox 1331 3147 1398 3197; x_wconf 79' lang='lat' dir='ltr'>fit,</span> <span class='ocrx_word' id='word_1_494' title='bbox 1413 3165 1503 3209; x_wconf 74' lang='lat' dir='ltr'>qua·</span> <span class='ocrx_word' id='word_1_495' title='bbox 1526 3149 1580 3193; x_wconf 85' lang='lat' dir='ltr'>fin</span> <span class='ocrx_word' id='word_1_496' title='bbox 1612 3147 1678 3193; x_wconf 88' lang='lat' dir='ltr'>ula</span> <span class='ocrx_word' id='word_1_497' title='bbox 1698 3150 1998 3194; x_wconf 64' lang='lat' dir='ltr'>cunctationem</span> <span class='ocrx_word' id='word_1_498' title='bbox 2022 3168 2107 3195; x_wconf 84' lang='lat' dir='ltr'>non</span> <span class='ocrx_word' id='word_1_499' title='bbox 2120 3152 2342 3212; x_wconf 87' lang='lat' dir='ltr'>recipiunt,</span> <span class='ocrx_word' id='word_1_500' title='bbox 2357 3150 2533 3213; x_wconf 84' lang='lat' dir='ltr'>ligatura</span> <span class='ocrx_word' id='word_1_501' title='bbox 2545 3149 2598 3199; x_wconf 81' lang='lat' dir='ltr'>fili</span> 
     </span>
     <span class='ocr_line' id='line_1_52' title="bbox 960 3206 2599 3317; baseline 0.002 -66"><span class='ocrx_word' id='word_1_502' title='bbox 960 3206 1152 3270; x_wconf 74' lang='lat' dir='ltr'>duplicati</span> <span class='ocrx_word' id='word_1_503' title='bbox 1176 3208 1409 3272; x_wconf 79' lang='lat' dir='ltr'>spermatico</span> <span class='ocrx_word' id='word_1_504' title='bbox 1438 3208 1577 3257; x_wconf 79' lang='lat' dir='ltr'>fimicu</span> <span class='ocrx_word' id='word_1_505' title='bbox 1594 3206 1751 3254; x_wconf 57' lang='lat' dir='ltr'>o-affl</span> <span class='ocrx_word' id='word_1_506' title='bbox 1771 3209 1985 3267; x_wconf 75' lang='lat' dir='ltr'>injicienda</span> <span class='ocrx_word' id='word_1_507' title='bbox 2013 3212 2091 3263; x_wconf 85' lang='lat' dir='ltr'>est,</span> <span class='ocrx_word' id='word_1_508' title='bbox 2115 3226 2239 3276; x_wconf 79' lang='lat' dir='ltr'>quam</span> <span class='ocrx_word' id='word_1_509' title='bbox 2269 3210 2380 3257; x_wconf 60' lang='lat' dir='ltr'>infra</span> <span class='ocrx_word' id='word_1_510' title='bbox 2396 3213 2453 3257; x_wconf 80' lang='lat' dir='ltr'>ad</span> <span class='ocrx_word' id='word_1_511' title='bbox 2471 3225 2599 3317; x_wconf 54' lang='lat' dir='ltr'>Euam</span> 
     </span>
    </p>
   </div>
  </div>
 </body>
</html>
