3523 3956
1220 449 1305 486 270
1492 432 1594 477 DE
1652 430 2014 475 MORBIS
2076 430 2553 474 VENEREIS.

1213 493 1487 543 Colcothare,
1509 505 1578 535 aut
1587 490 1755 552 pulvere
1767 490 1816 533 de
1830 494 1954 552 Verny
1977 487 2082 534 infra
2101 487 2366 534 describendo
2387 487 2475 533 Lib.
2490 492 2520 532 Ι
2523 493 2572 534 V.
2591 492 2684 552 Cap.
2708 489 2866 543 ultimo,

1213 551 1346 599 aliisve
1367 553 1411 597 id
1434 567 1563 613 genus
1594 549 1822 612 pulveribus
1856 550 2028 611 stypticis
2049 580 2063 600 ‚
2088 547 2294 594 vittiolicis
2317 579 2330 598 ,
2361 547 2588 594 aluminofis
2606 554 2689 595 &c.
2723 550 2867 610 quibus

1203 607 1320 657 'solet
1349 611 1437 656 nim
1463 610 1625 656 urethra
1648 609 1838 654 morbose
1868 608 2111 670 constringi,
2130 608 2240 654 unde
2259 609 2389 670 gravis
2415 609 2657 669 stranguria,
2677 626 2772 669 quae
2795 626 2868 671 go-

1215 671 1418 717 norrhoeae
1441 670 1675 741 plerumque
1699 668 1930 731 pedill'equa
1945 668 2022 719 est,
2037 668 2124 713 nim
2151 671 2269 713 etiam
2291 667 2375 712 lues
2389 684 2561 712 venerea
2582 667 2868 729 inferti,quo-

1215 734 1289 776 ties
1315 731 1454 775 semim
1481 744 1549 775 aut
1580 728 1756 773 seminali
1775 729 1938 773 humori
1958 759 1972 779 ‚
2009 733 2121 788 cujus
2142 728 2267 772 fluxus
2293 728 2549 788 supprimitur
2565 760 2578 780 ,
2599 728 2666 773 vel
2699 731 2869 773 minima

1216 792 1396 851 contagii
1419 806 1508 851 pars
1529 789 1660 833 adhuc
1689 790 1787 833 inest
1800 820 1814 839 ,
1841 787 2179 849 quandoquidem
2203 787 2412 832 seminium
2442 787 2543 831 illud
2578 789 2689 833 intro
2722 791 2869 833 coerci-

1216 864 1303 895 tum
1332 853 1491 911 cogitur
1520 848 1702 910 sanguini
1723 880 1736 900 ,
1766 850 1808 893 in
1831 865 1956 909 quem
1980 848 2112 892 refluit
2132 878 2146 897 ,
2168 848 2318 893 latente
2346 848 2447 892 vitio
2474 847 2780 893 ineluetabilem
2796 865 2869 893 no-

1214 925 1306 954 xam
1332 925 1508 954 murete-

1753 1117 2129 1172 CAPUT
2196 1120 2294 1172 II.

1215 1258 1295 1308 De
1320 1256 1566 1327 Empiricis
1579 1254 1839 1329 gonorrlqoeae
1863 1258 2065 1307 curanda
2085 1255 2324 1308 Methodis
2350 1295 2367 1324 ,
2391 1276 2442 1308 ac
2471 1257 2529 1308 de
2556 1261 2868 1311 commentitia

1769 1327 1962 1396 ejustlem
1992 1325 2290 1397 Prophylaxi.

1272 1475 1307 1521 ς.
1336 1469 1368 1510 1.
1399 1468 1483 1510 DE
1513 1433 2423 1567 εΜΡικιειῇίςοΝοκκιᾏῐοεκε
2451 1466 2810 1513 CURANDAE

1925 1539 2206 1569 ETHODXS·

963 1687 1000 1724 v
1039 1684 1063 1694 ..
1104 1694 1166 1720 va.
1300 1654 1378 1696 Ro
1393 1667 1660 1708 posuimus
1688 1647 1879 1695 haerentis
1902 1651 2198 1713 Therapeiam,
2218 1669 2340 1713 quam
2368 1654 2419 1699 ad
2449 1652 2672 1698 curandam
2794 1666 2862 1697 or·

961 1698 1065 1772 ,ἐξω
1085 1730 1183 1770 adhi-
1208 1717 1212 1720 '
1302 1712 1455 1756 rhoeasn
1473 1709 1724 1760 tutissimam,
1745 1709 2043 1755 efficacisfimam
2055 1742 2067 1760 ‚
2085 1712 2326 1772 experientia
2344 1711 2516 1757 maxime
2531 1665 2863 1774 comproffitm

963 1784 1051 1820 bent
1106 1793 1181 1819 me·
1212 1787 1335 1832 atque
1353 1770 1457 1816 adeo
1491 1773 1637 1815 caeteris
1661 1771 1850 1814 omnibus
1875 1775 1959 1827 jure
1984 1768 2272 1830 praeferendam
2294 1771 2370 1815 effe
2395 1773 2631 1816 censuimus.
2665 1772 2737 1816 Ne
2763 1771 2863 1831 quid

963 1832 1098 1888 rhodes
1118 1843 1180 1869 Ου-
1215 1847 1350 1879 tamen
1368 1832 1411 1874 in
1434 1845 1476 1872 re
1500 1832 1554 1874 ita
1573 1832 1684 1891 gravi
1705 1828 1874 1872 omifisse
1893 1829 2121 1880 videamur,
2142 1830 2252 1874 lubet
2270 1835 2312 1875 δε
2331 1845 2486 1875 caeteras
2505 1830 2731 1875 methodos
2750 1845 2863 1874 cura-

962 1892 1111 1918 ¹²¹⁰¹¹³⁸
1135 1879 1180 1918 “¹
1216 1894 1464 1949 torias,quae
1483 1888 1608 1937 veluti
1631 1905 1721 1933 com
1753 1889 1938 1933 endiariae
1961 1888 1984 1932 ἂ
2001 1888 2204 1934 nonnullis
2226 1891 2587 1940 commendantur,
2603 1890 2747 1950 paucis
2767 1898 2863 1951 proh

963 1941 1101 2017 {³222}
1173 1966 1177 1969 ·
1215 1950 1344 2002 ferre,
1361 1966 1407 1994 ac
1427 1947 1478 1992 de
1500 1947 1641 1993 iisdem
1661 1952 1703 2008 ju
1734 1949 1855 1992 icium
1884 1947 2056 1992 candide
2081 1947 2194 1992 simul
2224 1965 2427 2010 apponere
2448 1980 2462 1997 ‚
2497 1965 2550 1994 ne
2577 1950 2696 1994 inani
2727 1946 2862 1993 bucci-

1099 2004 1111 2016 ’
1214 2026 1402 2055 natorum
1429 2007 1719 2069 pollicitatione
1752 2007 2038 2052 incautioribus
2066 2006 2181 2052 fucus
2210 2007 2291 2053 fiat.
2327 2009 2409 2054 Sed
2437 2008 2586 2054 ominis
2618 2009 2862 2069 antiquiori-

1209 2070 1286 2116 bus
1308 2069 1521 2128 therapeiis
1534 2098 1545 2115 ‚
1567 2083 1655 2127 quae
1677 2068 1814 2128 primis
1833 2066 1908 2111 luis
1930 2083 2107 2111 venereae
2127 2069 2374 2128 temporibus
2396 2067 2495 2113 olim
2521 2067 2714 2114 adhibitae
2742 2065 2861 2116 sunt,

1209 2145 1251 2175 at
1273 2129 1373 2174 vero
1401 2143 1500 2187 quas
1524 2127 1610 2172 dies
1635 2127 1714 2185 jam
1737 2127 1893 2186 pridem
1915 2125 2063 2170 delevit
2085 2159 2095 2176 ,
2115 2128 2162 2170 iis
2189 2126 2348 2171 tannim
2369 2127 2591 2172 insistemus
2622 2158 2636 2175 .
2675 2142 2767 2188 quae
2801 2128 2860 2171 vi-

1239 2204 1309 2234 ent
1328 2188 1403 2232 hac
1424 2201 1537 2230 aetate
1558 2185 1710 2232 nostra,
1734 2189 1778 2230 δε
1800 2185 1945 2246 quibus
1977 2188 2165 2230 novimus
2189 2197 2428 2248 agrotantes
2458 2188 2581 2232 etiarn
2600 2203 2715 2232 nunc
2735 2184 2859 2248 saepiss

1278 2249 1301 2293 ὲ
1326 2247 1477 2293 deludi.

961 2343 981 2379 Ι
1005 2343 1023 2379 1
1048 2339 1058 2349 .
1082 2338 1125 2377 ἃ.
1154 2357 1174 2367 ·
1267 2310 1301 2353 1.
1325 2303 1498 2352 Carolus
1515 2301 1737 2349 Mufitanus
1765 2305 1844 2358 (a)
1869 2302 2004 2348 laudat
2028 2302 2136 2363 quafi
2162 2304 2187 2348 s
2207 2303 2388 2350 ecificum
2407 2305 2661 2355 remedium,
2684 2320 2775 2366 quo
2796 2305 2857 2349 in-

959 2352 1081 2430 n'esnixei
1096 2351 1176 2425 ⁸222,
1208 2382 1269 2412 tra
1291 2368 1469 2410 triduum
1492 2362 1739 2425 gonorrhoea
1761 2360 1938 2412 sanetur,
1954 2368 1999 2407 ὃ(
2022 2365 2137 2423 quod
2159 2321 2267 2424 {gem
2285 2381 2494 2426 nunquam
2508 2363 2718 2410 frustretur
2726 2365 2855 2423 ,inje-

959 2440 1073 2478 thiam
1096 2448 1176 2475 cum
1207 2430 1386 2473 &ionem
1406 2426 1448 2467 in
1467 2423 1668 2467 urethram
1691 2420 1872 2482 sequenti
1896 2421 2026 2466 modo
2047 2438 2315 2485 praeparatam.

956 2485 1134 2543 diisolutis·
1270 2502 1317 2541 132,
1378 2487 1461 2543 Aq.
1482 2485 1705 2552 Plantagin.
1740 2491 1759 2550 ᾗ
1783 2483 1876 2539 viij,
1910 2481 2045 2541 quibus
2065 2483 2217 2541 diffilve
2238 2487 2432 2528 Draconis
2456 2486 2655 2544 mitigati,
2673 2485 2756 2531 hoc
2774 2484 2854 2535 est,

956 2545 1152 2594 9‘2P2‘afss
1452 2544 1637 2587 Mercurii
1655 2539 1852 2585 sublimati
1874 2540 2000 2586 dulcis
2012 2571 2023 2588 ,
2037 2547 2078 2585 in
2093 2544 2214 2596 alkool
2227 2542 2373 2587 redaeti
2387 2553 2410 2589 3
2422 2545 2464 2601 ij.

955 2588 1147 2677 Ἀΐδεω*
1297 2605 1513 2663 Agitentur
1520 2603 1641 2661 fimul
1651 2631 1665 2651 ,
1678 2602 1724 2649 &
1750 2603 1911 2660 liquoris
1926 2603 2032 2644 illius
2053 2601 2198 2647 turbida
2224 2619 2271 2646 ac
2290 2603 2410 2666 tepidi
2435 2613 2455 2663 3
2474 2606 2515 2660 j,
2525 2600 2680 2662 fipbone
2695 2602 2853 2648 eham

1048 2660 1060 2672 '
1355 2665 1398 2705 in
1414 2661 1617 2708 urethram
1628 2663 1829 2713 injiciatur
1847 2674 1908 2702 ter
1920 2663 1962 2703 in
1978 2661 2055 2704 die.

1265 2719 1409 2768 Arserit
1434 2720 1654 2767 Mufitanus
1674 2720 1749 2763 hac
1767 2721 1985 2777 injectione
2004 2718 2082 2765 sola
2095 2751 2107 2771 ,
2126 2722 2222 2765 citra
2241 2737 2405 2765 omnem
2427 2721 2551 2767 alium
2575 2723 2848 2769 remediorum

1203 2797 1256 2842 ap
1286 2796 1437 2825 aratum
1452 2814 1464 2832 ,
1483 2783 1766 2825 imminentem
1792 2779 1855 2823 vel
1879 2781 2137 2841 incipientem
2153 2780 2441 2841 gonorrhoeam
2467 2781 2595 2826 statim
2616 2783 2786 2845 reprimi
2806 2797 2849 2826 ac

1199 2856 1249 2885 ve
1267 2842 1322 2883 uti
1351 2839 1600 2884 sufflaminari
1613 2869 1625 2885 ‚
1644 2838 1772 2882 modo
1786 2838 1937 2896 abjeeba
1959 2841 2213 2885 cunetatione
2226 2842 2387 2897 init-&io
2402 2841 2664 2895 adhibeatur,
2681 2842 2754 2888 ubi
2769 2843 2849 2903 pri-

1198 2900 1313 2945 mrim
1343 2900 1547 2962 putridum
1573 2899 1719 2942 semen’
1731 2898 1852 2943 fluere
1874 2901 2044 2960 incipit3
2070 2900 2154 2944 imo
2178 2902 2275 2945 vero
2297 2915 2514 2961 antequam
2542 2904 2645 2962 quid
2675 2920 2768 2948 uam
2787 2903 2847 2948 di-

1199 2959 1343 3011 stillet,
1367 2965 1411 3005 &
1430 2959 1558 3003 statim
1581 2971 1702 3017 atque
1724 2957 1914 3021 genitalia
1938 2959 2028 3022 post
2045 2957 2265 3022 suspectum
2287 2961 2551 3006 concubitum
2572 2960 2662 3006 inso
2682 2963 2734 3007 ’ta
2754 2978 2848 3025 pru-

1195 3021 1327 3081 rigine
1347 3018 1569 3063 titillantur.

1253 3081 1406 3125 Prostat
1422 3076 1500 3138 (b)
1524 3081 1565 3123 in
1584 3079 1704 3121 altero
1727 3091 1891 3139 praxeos
1909 3079 2177 3142 Mayernianae
2185 3081 2428 3145 sjvntagmate
2449 3076 2767 3129 hauddiffimilis
2787 3081 2849 3126 in-

1244 3186 1298 3232 su}-
1328 3191 1382 3224 Da
1406 3185 1530 3224 uerbis
1552 3187 1699 3224 romeis
1713 3212 1724 3229 ,
1750 3185 1822 3224 zib.
1846 3198 1878 3232 ς.
1904 3191 1986 3235 cap,
2023 3202 2056 3226 ι.

1244 3234 1300 3282 (b)
1329 3239 1478 3276 ῒνιὲιε.
1505 3248 1543 3281 4.
1563 3241 1617 3276 De
1631 3236 1687 3275 tuo
1707 3235 1850 3276 remed
1865 3261 1880 3281 ,
1899 3240 1983 3287 cap.
2008 3249 2044 3285 3·
